1680 2803
300 177 459 214 xxxn
694 166 919 213 TITI
985 169 1276 217 LIVII

297 277 406 324 Ecce
438 279 580 324 Venus
608 280 729 339 pullo
763 279 906 344 vestita
940 280 1095 325 incedit
1119 279 1272 326 amic‘lu
1287 315 1304 338 ‚

362 356 699 421 Dilaceransque
717 377 870 421 genas,
895 362 1190 423 dilaniansque
1212 381 1354 409 comas
1370 380 1388 410 .·

295 447 357 492 Et
377 446 578 506 pharetrae
611 445 764 487 oblitus
780 476 796 498 ‚
822 443 1007 504 luc‘luque
1035 447 1249 506 immersus
1277 448 1418 494 acerbo
1435 481 1452 506 ,

356 528 548 588 Nasonis
584 541 728 571 cantat
755 528 943 571 carmina
967 527 1128 591 moestus
1159 529 1311 575 Amor.

293 611 386 674 Ipse
405 612 515 670 suas
542 611 679 656 ,Ianus
704 611 955 670 damnatque
989 612 1154 670 oditque
1176 613 1422 669 Kalendas,

354 693 418 736 Et
438 689 524 750 sua
558 690 606 733 de
638 690 774 755 Fastis
806 692 941 734 tollere
968 689 1078 754 festa
1102 707 1246 751 parat.

286 777 378 819 Flet
393 789 549 833 quoque
576 774 820 830 Neptunus,
837 771 921 835 flet
948 772 1170 833 raucisona
1197 757 1484 833 Amphitrite,

351 853 416 899 Et
436 854 580 913 patrio
604 853 751 911 plorat
778 854 937 914 gurgite
965 852 1097 913 mersa
1129 854 1300 915 leeqys.

285 938 468 997 Pelignae
499 937 686 983 lacrimis
707 937 881 995 implent
901 954 996 982 rura
1019 939 1163 984 omnia
1185 939 1398 998 Nymplzae
1413 973 1432 996 ‚

350 1019 414 1064 Et
445 1022 635 1080 querulus
668 1020 828 1065 Patavi
856 1022 1011 1067 rnoenia
1040 1022 1198 1067 Brenta
1231 1026 1363 1068 lavat.

284 1106 401 1150 Tunc
429 1106 557 1164 igitur
583 1104 780 1148 lacrimas
809 1105 1024 1160 retinebis,
1046 1106 1210 1160 Roma,
1230 1106 1446 1161 cadentes,

345 1187 433 1230 Nee
459 1187 617 1245 poteris
647 1187 738 1229 caeli
768 1185 966 1250 questibus
996 1182 1066 1248 effi
1094 1202 1225 1230 comes
1243 1186 1268 1230 ‚2

279 1269 367 1314 ,Hei
396 1268 501 1312 milii
519 1301 533 1323 ‚
554 1268 658 1326 quid
673 1281 708 1311 te
726 1269 827 1312 olim
842 1301 855 1324 ‚
878 1271 1051 1312 clemens
1069 1268 1253 1333 Auguste
1263 1301 1279 1322 ,
1301 1267 1432 1328 coegit

347 1349 456 1392 Tam
479 1347 653 1406 sacrum
681 1348 794 1392 vacis
809 1345 878 1410 sic
901 1350 1056 1392 violare
1082 1363 1205 1406 caput
1223 1348 1248 1391 ?

282 1432 412 1476 Talia
442 1447 528 1474 non
555 1430 696 1473 docuit
725 1443 762 1473 te
786 1430 998 1488 quondam
1025 1428 1170 1474 Julius
1196 1430 1296 1484 ille,

347 1510 439 1570 Qui
473 1510 587 1554 dedic
614 1510 749 1553 Italiae
764 1507 929 1567 secptra
949 1508 1139 1568 secunda
1169 1509 1260 1552 tibi.

275 1594 336 1638 Et
359 1608 396 1638 te
411 1591 511 1649 jam
539 1592 682 1636 merito
711 1594 939 1635 clementem
969 1592 1096 1635 dicere
1122 1590 1367 1650 quisquam,

342 1672 638 1732 Ingeniumque
660 1668 792 1732 potest
819 1671 946 1714 dicere
977 1671 1073 1714 mite
1104 1670 1183 1713 tibi
1199 1670 1224 1714 ἓ

277 1755 382 1815 Quae
414 1769 631 1811 nunquam
660 1750 841 1816 Augusti
867 1752 1010 1810 potuit
1035 1752 1158 1794 lenire
1179 1747 1392 1808 furorem,

343 1835 533 1880 Crudeles
558 1834 700 1892 potuit
716 1832 877 1896 fleflere
901 1832 1033 1891 Musa
1065 1832 1208 1876 Getas.

275 1917 468 1976 Namque
498 1916 736 1960 Tornitanis
768 1915 889 1974 cxficl
918 1918 1076 1976 lugetur
1104 1914 1151 1958 in
1177 1914 1294 1971 oris,

340 1996 587 2056 Nasonique
612 2010 742 2056 parat
767 1996 944 2040 barbara
981 1996 1101 2040 turba
1133 2011 1270 2056 rogos.

274 2077 423 2136 Lugete
438 2108 452 2130 ,
470 2093 494 2119 o
517 2075 652 2134 miseri
671 2091 786 2122 vates
804 2111 817 2133 ‚
836 2092 1043 2136 totumque
1052 2076 1193 2133 jubete

340 2151 591 2216 Parnaffunz
622 2158 802 2200 alternos
830 2158 1081 2216 ingeminare
1103 2157 1252 2216 sonos.

272 2235 485 2281 Flentibus
503 2253 551 2279 en
569 2237 702 2280 aderit
720 2238 901 2282 Plzoebus
915 2272 928 2294 ,
949 2239 1172 2298 Pallasque
1180 2238 1370 2296 favebit,

337 2317 400 2360 Et
420 2332 589 2377 peraget
614 2333 756 2377 partes
780 2322 945 2364 Numen
974 2335 1185 2381 utrumque
1204 2323 1330 2380 ficas.

279 2397 367 2441 Vos
385 2404 565 2457 quoque,
587 2415 688 2457 quos
707 2400 796 2442 coeli
815 2397 1050 2461 dignjffima
1069 2418 1167 2446 cura
1186 2400 1376 2464 fatigat,

336 2480 400 2523 Ne
412 2511 426 2545 ³
447 2497 543 2541 rogo
559 2512 575 2539 ‚
595 2495 644 2524 ne
670 2482 813 2538 quinta
840 2484 1000 2540 quaerite
1024 2486 1110 2530 luce
1130 2487 1282 2544 (yram.
