1582 2793
229 151 286 196 26
577 148 1147 202 TITILIVII

219 257 276 304 lis
307 256 382 304 vir
411 255 634 306 miraculo
668 260 898 309 literarum
920 296 934 321 ,
969 261 1033 308 rei
1069 279 1210 311 novae
1241 262 1360 311 inter
1384 261 1518 314 rude}³

218 331 382 378 artium
398 333 631 389 homines;
649 336 958 382 venerabilior
981 336 1217 384 divinitate
1235 338 1403 385 credita
1414 340 1518 386 Car-

220 421 388 453 mentae
421 406 599 465 matris,
626 425 760 470 quam
798 407 1068 473 fatiloquam
1085 447 1100 467 ,
1129 423 1233 458 ante
1258 412 1446 476 Sibyllae
1467 414 1517 459 in

218 482 391 529 Italiam
426 481 707 539 adventum,
737 481 907 528 miratae
938 482 1008 527 hae
1043 495 1199 546 gentes
1235 483 1428 532 fuerant.
1474 486 1517 533 Is

217 565 315 601 tum
348 555 591 613 Evander,
630 553 854 601 concursu
893 553 1124 617 pastorum
1145 590 1160 613 ,
1188 555 1516 618 trepidantium

217 629 339 677 circa
356 629 579 677 advenam
598 628 843 675 manifestae
860 644 985 675 reum
1006 628 1140 675 caedis
1154 664 1170 687 ,
1182 631 1380 691 excitus,
1394 629 1516 693 post-

216 719 352 766 quam
383 702 557 750 facinus
589 701 893 766 facinorisque
929 700 1105 749 causam
1135 702 1313 750 audivit
1336 739 1350 763 ‚
1383 704 1517 751 habi-

216 787 315 823 tum
346 775 632 839 formamque
657 776 749 823 viri
778 776 1060 839 aliquantum
1084 775 1354 838 ampliorem
1376 793 1517 841 augu-

215 852 489 915 stioremque
517 851 710 897 humana
736 850 914 898 intuens
929 886 942 909 ,
960 850 1156 914 rogitat,
1177 849 1256 913 qui
1281 850 1353 897 vir
1373 851 1517 898 esset?

166 917 170 920 .
218 927 312 974 Ubi
349 942 519 972 nomen
555 938 819 988 patremque
854 941 906 972 ac
947 923 1137 987 patriam
1166 923 1377 986 accepit3
1410 926 1517 972 ,Ῑονε

219 1018 317 1048 nate
331 1037 347 1058 ,
368 1003 597 1057 Hercules,
615 1001 766 1061 salve,
784 998 953 1063 inquit;
975 1016 1011 1045 te
1028 1001 1135 1044 mihi
1153 1015 1286 1045 mater
1296 1035 1313 1056 ,
1331 1003 1515 1046 veridica

221 1077 415 1135 interpres
432 1073 580 1119 Derim
600 1107 614 1130 ‚
634 1074 848 1119 auc‘lurum
866 1073 1077 1137 coelestium
1096 1090 1310 1118 numerum
1337 1075 1484 1118 cecinit
1491 1089 1514 1127 ;

216 1148 368 1207 tibique
387 1164 505 1192 aram
531 1148 598 1191 lzic
628 1149 812 1192 dicatum
833 1146 884 1191 iri
897 1180 913 1201 ‚
946 1163 1070 1205 quam
1089 1145 1393 1207 opulentiſjima
1410 1147 1512 1190 olim

217 1221 265 1264 in
280 1221 395 1264 terris
410 1234 511 1279 gens
530 1220 776 1263 Maximam
793 1233 932 1273 vocet,
949 1233 1096 1278 tuoque
1122 1221 1203 1264 ritu
1227 1221 1350 1264 colat.
1382 1216 1514 1263 Dex-

216 1301 286 1336 tra
304 1289 521 1337 Hercules
542 1289 665 1348 data,
694 1293 870 1351 accipere
875 1291 926 1351 fi
950 1309 1067 1336 omen
1087 1293 1424 1352 impleturumque
1431 1289 1514 1348 fit<

216 1379 292 1420 ta,
325 1381 402 1408 ara
431 1364 602 1408 condita
632 1378 751 1422 atque
778 1363 921 1406 dicata
932 1397 949 1419 ‚
980 1360 1055 1408 ait.
1088 1361 1153 1407 Ibi
1186 1373 1282 1407 tum
1312 1363 1514 1424 primum

217 1436 344 1484 bove
368 1434 533 1482 eximia
560 1449 690 1498 capta
715 1435 769 1481 de
799 1451 958 1499 grege,
991 1435 1165 1483 sacrum
1189 1436 1403 1495 Herculi,
1436 1436 1515 1482 ad-

218 1508 373 1556 hibitis
407 1508 463 1556 ad
493 1506 790 1554 ministerium
823 1508 1074 1572 dapemque
1100 1509 1281 1556 Potitiis
1309 1526 1361 1557 ac
1381 1510 1515 1557 Pina-

219 1585 325 1643 riis,
363 1601 464 1647 quae
491 1597 587 1629 tum
607 1582 786 1630 familiae
815 1583 1012 1631 maxime
1041 1583 1210 1631 inclitae
1232 1600 1282 1631 ea
1310 1584 1413 1632 loca
1443 1584 1512 1632 in-

221 1658 465 1716 colebant,
494 1657 673 1704 factum.
715 1659 848 1703 Forte
882 1657 942 1703 ita
973 1657 1157 1716 evenit,
1189 1668 1240 1704 ut
1268 1657 1424 1705 Potitii
1456 1656 1513 1705 ad

218 1747 395 1795 tempus
431 1730 597 1794 praesto
629 1729 796 1787 essent,
830 1728 969 1793 iisque
1000 1742 1103 1776 exta
1138 1742 1513 1793 apponerentur;

219 1803 411 1859 Pinarii,
438 1802 553 1850 extis
580 1802 717 1849 adesis
736 1837 750 1859 ‚
776 1801 829 1848 ad
863 1814 1054 1848 ceteram
1079 1802 1290 1849 venirent
1317 1803 1511 1867 dapem:

219 1879 324 1926 inde
345 1876 598 1924 institutum
619 1875 802 1932 mansit,
822 1874 970 1921 donec
990 1874 1220 1922 Pinarium
1239 1891 1380 1939 genus
1399 1873 1511 1935 fuit,

219 1970 277 1999 ne
301 1951 413 2000 extis
435 1950 722 1998 sollemnium
742 1949 1044 1997 vescerentur.
1074 1948 1261 2008 Potitii,
1288 1949 1343 1996 ab
1361 1951 1511 2013 Evjan·

221 2027 306 2074 dro
342 2026 488 2073 edoCti
507 2062 520 2084 ‚
556 2023 772 2072 antistites
801 2022 911 2070 sacri
938 2020 1032 2083 ejus
1061 2039 1141 2085 per
1166 2022 1328 2070 multas
1359 2035 1513 2069 aetates

221 2100 434 2149 fuerunt:
464 2101 612 2146 donec
627 2136 640 2158 ‚
659 2098 826 2145 tradito
849 2096 988 2143 servis
1012 2096 1206 2158 publicis
1223 2095 1428 2143 sollemni
1446 2097 1511 2143 fa·

222 2174 360 2224 miliae
385 2173 665 2231 ministerio,
700 2187 837 2235 genus
859 2186 996 2216 omne
1015 2169 1291 2216 Potitiorum
1323 2170 1511 2219 interiit.

214 2247 333 2295 ‘Haec
362 2259 459 2294 tum
492 2245 610 2293 sacra
629 2244 854 2291 Romulus
878 2260 965 2289 una
993 2259 1049 2288 ex
1076 2242 1287 2288 omnibus
1310 2243 1511 2307 peregri·-

224 2338 281 2369 na
304 2319 489 2383 suscepit
507 2337 521 2375 ;
551 2318 638 2381 jam
664 2331 762 2364 tum
781 2316 1129 2363 immortalitatis
1150 2317 1322 2363 virtute
1342 2329 1481 2380 partae
1494 2352 1511 2375 ,

210 2395 281 2445 „ad
296 2411 429 2458 quam
450 2409 553 2440 eum
575 2391 648 2439 sua
666 2390 755 2437 fata
771 2389 1020 2447 ducebant,
1042 2391 1208 2437 fautor.

290 2469 406 2515 vm.
434 2467 586 2514 Rebus
613 2466 782 2514 divinis
811 2465 895 2512 rite
920 2465 1190 2545 perpetratis
1209 2499 1223 2522 ,
1254 2475 1510 2528 vocataque
