1582 2793
302 196 895 245 H1ST0R1ARUM
943 202 1071 248 ΜΒ.
1115 205 1145 249 1.
1312 203 1368 267 ὃς

91 316 140 352 to
164 305 315 360 venit;
346 322 447 353 cum
477 321 570 369 quo
592 304 712 352 forte
744 306 934 352 Romam
969 310 1141 357 rediens
1168 310 1222 357 ab
1254 327 1373 358 nun-

89 380 158 426 tio
172 380 329 426 uxoris
345 391 438 425 crat
453 392 726 426 conventus.
748 380 996 426 Lucretiam
1017 380 1238 430 sedentem
1259 402 1372 431 moe-

89 453 198 500 stam
237 453 282 499 in
320 454 534 501 cubiculo
566 453 823 501 inveniunt.
860 454 1059 501 adventu
1094 456 1276 504 suorum
1308 458 1373 504 la-

89 525 242 574 crimae
271 525 477 572 obortae:
515 525 823 590 quaerentique
858 525 995 584 viro,
1034 531 1178 573 Satin’
1201 532 1375 589 Jizlrce?

90 600 302 654 Minime,
320 597 471 661 inquit
491 615 502 643 :
526 602 632 659 quid
659 600 897 659 enimfizlvi
931 600 984 665 est
1003 603 1196 656 mulieri,
1227 601 1374 665 amiffiz

81 672 296 730 pudicitia
311 672 335 715 ,³
359 674 399 712 V
401 671 540 735 estigia
560 674 641 716 viri
662 675 791 717 alieni
806 707 821 729 ,
849 675 1075 730 Collatino,
1098 675 1142 718 in
1163 674 1375 733 left‘oficnc

88 760 173 788 tuo.
203 745 379 789 Ceterum
400 761 545 803 corpus
565 744 618 809 est
645 761 807 790 tantum
833 749 1065 802 violatum,
1096 749 1266 791 animus
1301 750 1373 791 in-

76 817 200 876 sons.
236 835 346 862 mors
363 819 470 884 testis
494 821 579 863 erit.
606 821 692 863 Sed
715 821 808 864 date
828 822 997 865 dextras
1005 821 1213 880 fidemque
1225 854 1238 875 ,
1258 820 1378 864 haud

89 891 257 950 impune
284 892 470 935 adultero
490 889 598 948 fore.
635 893 790 936 Sextus
813 893 866 958 est
887 894 1144 953 Tarquinius
1161 928 1175 947 ‚
1201 895 1271 953 qui
1301 894 1377 936 lzo-

83 964 159 1026 stis
173 981 252 1022 pro
277 963 435 1023 hospite
444 965 583 1023 priore
612 965 724 1010 ηοὲῗε
750 967 796 1011 vi
813 981 1000 1010 armatus
1019 967 1127 1010 mihi
1128 964 1290 1027 sibique
1305 999 1317 1021 ‚
1329 964 1381 1028 si

87 1051 162 1081 vos
189 1036 273 1079 viri
299 1035 416 1101 estis,
431 1034 666 1100 pestiferum
687 1037 784 1080 hinc
809 1037 975 1102 abstulit
990 1039 1211 1098 gaudium.
1247 1036 1376 1083 Dant

93 1105 256 1151 ordine
292 1121 450 1153 omnes
480 1104 641 1154 fidem:
675 1107 970 1155 consolantur
1006 1124 1171 1171 aegram
1204 1108 1377 1167 animi,

93 1177 345 1226 avertendo
382 1195 548 1226 noxam
581 1180 637 1226 ab
681 1181 835 1228 coafla
869 1181 914 1227 in
948 1181 1176 1228 auftorem
1212 1181 1374 1229 deliffi.

85 1266 284 1300 mentem
302 1268 490 1315 peccare
506 1288 519 1311 ,
551 1268 646 1299 non
668 1269 864 1316 corpus:
891 1255 967 1312 &‚
985 1254 1105 1300 unde
1137 1254 1375 1302 confilium

86 1324 254 1374 afuerit
269 1361 282 1383 ‚
309 1325 486 1388 culpam
506 1325 661 1375 abesse.
695 1331 784 1373 Vos
801 1363 813 1382 ,
842 1326 1015 1390 inquit,
1038 1330 1252 1386 videritis,
1277 1332 1381 1390 quid

85 1405 152 1448 illi
175 1402 398 1447 debeatur:
433 1419 504 1463 ego
539 1420 630 1457 me,
661 1401 736 1465 effi
753 1418 923 1462 peccato
949 1403 1143 1462 abfhlw,
1159 1405 1380 1465 supplicio

86 1495 172 1521 non
200 1476 337 1520 libero.
390 1493 462 1519 nec
492 1478 582 1520 ulla
606 1477 753 1520 deinde
781 1477 995 1535 impudica
1018 1479 1214 1522 Lucretiae
1243 1495 1379 1523 exem-

79 1552 155 1609 plo
171 1550 292 1593 vivet.
327 1545 563 1604 Cultrum‚
590 1563 725 1609 quem
753 1545 831 1592 sub
857 1545 980 1594 veste
1013 1547 1213 1595 abditum
1235 1549 1377 1596 habe-

86 1621 163 1668 bat
179 1657 192 1678 ,
215 1636 316 1667 eum
340 1620 386 1667 in
418 1620 556 1667 corde
583 1618 735 1683 defigit
754 1637 764 1665 :
793 1619 1091 1685 prolapsaque
1113 1621 1160 1667 in
1179 1623 1344 1670 vulnus
1359 1658 1378 1681 ,

86 1692 364 1741 moribunda
383 1692 558 1740 cecidit.
589 1692 891 1739 Conclamant
909 1693 981 1740 vit
1001 1706 1229 1758 paterque.

152 1768 267 1813 LIX.
301 1767 488 1824 Brutus,
522 1764 610 1812 illis
638 1764 761 1812 luem
781 1766 1016 1829 occupatis
1033 1803 1047 1825 ‚
1077 1767 1269 1814 cultrum
1287 1804 1300 1827 ,
1322 1785 1379 1815 ex

87 1838 281 1886 vulnere
297 1838 520 1884 Lucretiae
537 1837 812 1895 extraflum,
825 1850 1080 1884 manantem
1100 1855 1263 1885 cruore
1284 1855 1380 1902 prae

86 1912 129 1959 se
149 1924 305 1958 tenens
318 1946 332 1969 ,
356 1914 437 1957 Per
455 1913 562 1957 hunc
577 1946 591 1969 ,
612 1910 760 1974 inquit
775 1946 790 1968 ,
817 1911 1075 1976 castiſjimum
1102 1930 1197 1958 ante
1222 1917 1378 1975 regiam

87 1989 292 2044 injuriam
311 1987 566 2048 fimguinem
594 1988 694 2044 juro
712 2023 725 2046 ‚
754 1988 932 2049 vosque,
966 1991 1080 2046 Dii,
1107 1990 1217 2056 testes
1229 1988 1376 2048 fizcio,

87 2082 150 2110 me
178 2066 228 2108 L.
265 2063 539 2123 Tarquinium
568 2064 824 2123 Superbum,
859 2080 951 2107 cum
972 2063 1174 2123 seelerata
1201 2061 1378 2123 conjuge

88 2136 132 2184 G*
165 2139 282 2182 omni
311 2139 527 2183 liberorum
542 2139 697 2204 stirpe,
715 2137 862 2196 firro,
889 2140 1009 2199 igni,
1034 2156 1270 2198 quacunque
1305 2139 1376 2182 de-

89 2213 186 2256 hinc
223 2213 267 2256 νὶ
306 2209 488 2272 pqffim,
521 2211 829 2270 exsecuturum:
864 2228 936 2255 nec
971 2214 1100 2266 illos,
1129 2229 1201 2255 nec
1246 2213 1379 2255 aliun:

88 2304 319 2348 quenquam
347 2302 513 2346 regnare
540 2287 683 2331 Romae
707 2283 936 2350 pafficrum.
970 2285 1180 2331 Cultrum
1214 2283 1377 2330 deinde

88 2358 327 2405 Collatino
351 2358 508 2415 tradit3
536 2358 638 2404 inde
660 2358 872 2405 Lucretio
893 2376 942 2405 ac
963 2356 1150 2404 Valerio
1167 2393 1180 2414 ‚
1204 2356 1378 2417 stupen-

90 2431 208 2477 tibus
229 2430 447 2478 miraculo
477 2432 569 2490 rei,
596 2432 717 2478 unde
747 2448 925 2479 novum
958 2432 1006 2478 in
1039 2429 1164 2477 Bruti
1201 2431 1386 2500 pettore

90 2505 340 2572 ingenium.
377 2510 440 2555 Ut
468 2520 742 2573 praeceptum
775 2523 900 2568 erat,
924 2506 1096 2569 jurant:
1129 2504 1306 2568 totique
1326 2502 1383 2550 ab

1001 2581 1030 2624 F
1067 2595 1086 2639 3
