1582 2793
239 140 299 184 34
588 115 1213 173 T1T1L1V11'

238 229 454 276 sollemne
484 227 687 278 instituit.
718 232 772 278 ad
801 232 847 278 id
872 231 1113 280 sacrarium
1144 232 1346 282 flamines
1380 234 1526 300 bigis,

235 318 372 348 curru
388 311 571 346 arcuato
587 335 600 358 ,
630 300 736 347 vehi
762 300 910 362 juffit,
940 319 1167 367 manuque
1194 305 1249 350 ad
1268 304 1434 369 digitos
1454 308 1526 353 us-

234 392 321 438 que
349 373 559 421 involuta
586 391 680 420 rem
702 374 904 422 divinam
930 375 1107 423 facere:
1140 376 1438 441 fignificantes
1471 378 1527 425 fi—

235 448 336 493 dem
365 447 595 494 tutandam
612 482 625 504 ,
662 446 896 511 sedemque
925 448 1022 509 ejus
1052 450 1185 497 etiam
1211 452 1259 497 in
1277 452 1447 499 dextris
1465 453 1527 500 sa·

233 533 401 568 cratam
426 520 523 567 efl'e.
556 519 701 565 Multa
724 519 809 565 alia
833 519 1048 568 iaetificia
1080 522 1273 587 locaque
1300 522 1430 571 sacris
1463 524 1528 572 fa·

233 593 431 653 ciendis,
465 610 566 656 quae
585 595 758 655 Argeos
780 591 1019 655 pontifices
1052 606 1253 653 vocant,
1283 596 1528 646 dedicavit.

232 667 455 714 Omnium
482 679 630 712 tamen
664 666 913 712 maximum
943 665 1039 728 ejus
1070 683 1264 730 operum
1290 667 1376 714 fuit
1404 680 1526 716 tute-

232 739 276 786 la
309 756 388 803 per
432 755 569 785 omne
606 739 732 801 regni
768 750 974 801 tempus,
1021 739 1140 787 haud
1182 738 1337 786 minor
1373 743 1523 804 pacis,

231 830 367 877 quam
385 812 527 877 regni.
557 814 621 858 lta
642 812 733 857 duo
768 812 979 875 deinceps
1001 829 1153 876 reges,
1180 811 1292 858 alius
1312 812 1398 861 alia
1419 815 1525 874 via,

232 887 309 933 ille
333 885 454 931 bello
469 921 484 943 ‚
509 884 581 932 hic
604 900 718 946 pace
735 919 748 942 ‚
781 884 1011 931 civitatem
1032 895 1270 931 auxerunt.
1301 884 1527 933 Romulus

232 960 399 1022 septem
434 960 484 1005 ὅ(
511 958 693 1020 triginta
721 957 931 1020 regnavit
962 973 1138 1003 annos:
1173 957 1324 1003 Numa
1356 970 1445 1005 tres
1476 962 1525 1006 &

231 1031 535 1094 quadraginta.
572 1033 693 1077 Tum
721 1030 898 1087 valida,
935 1042 1030 1077 tum
1058 1042 1306 1094 temperata
1337 1033 1388 1080 &
1417 1032 1524 1081 belli

234 1107 284 1152 &
308 1105 428 1165 pacis
451 1105 616 1149 artibus
637 1138 650 1160 ,
680 1117 773 1149 erat
795 1104 971 1149 civit-as.

297 1176 442 1222 XXII.
478 1176 639 1219 Numae
670 1186 818 1220 morte
850 1175 905 1220 ad
933 1174 1241 1237 interregnum
1275 1191 1344 1222 res
1377 1176 1524 1228 rediit.

233 1250 340 1295 Inde
369 1247 555 1296 Tullum
591 1247 836 1294 Hostilium
854 1283 868 1306 ,
903 1261 1121 1309 nepotem
1150 1246 1360 1306 Hostilii,
1393 1248 1524 1311 cujus

232 1323 278 1367 in
318 1321 469 1368 infima
498 1337 601 1367 arce
632 1321 747 1367 clara
783 1338 931 1384 pugna
964 1319 1177 1368 adversus
1200 1321 1392 1368 Sabinos
1424 1323 1525 1370 fue-

231 1407 324 1453 rat,
347 1411 496 1458 regem
519 1394 716 1457 populus
735 1393 865 1455 juffit.
902 1396 1051 1457 Patres
1069 1394 1274 1440 auctores
1293 1393 1412 1443 facti.
1436 1395 1523 1443 Hic

232 1486 331 1515 non
365 1467 509 1514 solum
547 1467 762 1529 proximo
798 1467 892 1531 regi
927 1467 1175 1525 diffimilis,
1212 1466 1286 1513 sed
1318 1466 1521 1515 ferocior

231 1541 365 1587 etiam
386 1540 588 1586 Romulo
612 1539 709 1586 fuit.
752 1552 847 1586 tum
883 1552 987 1586 aetas
1010 1539 1245 1603 viresque,
1274 1552 1371 1587 tum
1397 1541 1524 1588 avita

234 1629 421 1678 quoque
456 1612 599 1676 gloria
627 1613 828 1658 animum
862 1613 1134 1661 stimulabat.
1171 1613 1406 1660 Senescere
1434 1613 1523 1677 igi-

232 1698 304 1748 tur
336 1685 567 1733 civitatem
596 1686 696 1731 otio
724 1697 845 1731 ratus
863 1721 878 1743 ‚
912 1685 1113 1748 undique
1146 1686 1380 1733 materiam
1400 1685 1522 1734 exci-

228 1758 355 1805 tandi
374 1758 480 1804 belli
501 1757 742 1821 quaerebat.
774 1760 910 1805 Forte
931 1758 1086 1805 evenit
1104 1794 1118 1817 ‚
1151 1771 1200 1819 ut
1220 1759 1408 1823 agrestes
1426 1760 1521 1806 Ro-

233 1833 356 1879 mani
386 1849 442 1878 ex
464 1831 643 1879 Albano
664 1847 773 1895 agro
794 1867 809 1890 ‚
839 1832 997 1879 Albani
1029 1849 1086 1879 ex
1114 1833 1330 1879 Romano
1352 1834 1522 1896 praedas

231 1906 433 1953 invicem
460 1918 655 1970 agerent.
697 1905 983 1968 Imperitabat
1012 1919 1106 1952 tum
1128 1906 1182 1953 C.
1217 1906 1521 1954 CluiliusAl-

232 1979 313 2025 bae.
352 1978 579 2042 Utrinque
613 1978 742 2041 legati
772 1977 864 2025 fere
894 1978 976 2026 sub
1007 1979 1126 2025 idem
1158 1992 1334 2042 tempus
1366 1980 1422 2026 ad
1451 1996 1521 2027 res

232 2052 495 2114 repetendas
520 2051 644 2098 miffi.
680 2052 841 2099 Tullus
871 2065 1147 2115 praeceperat
1167 2052 1285 2111 suis,
1321 2069 1378 2099 ne
1410 2053 1521 2117 quid

232 2124 356 2186 prius
373 2160 387 2182 ,
414 2140 546 2186 quam
565 2118 805 2181 mandata,
833 2136 1027 2187 agerent.
1055 2124 1156 2171 satis
1178 2124 1369 2183 sciebat,
1389 2141 1521 2189 nega·

233 2212 384 2245 turum
412 2198 668 2253 Albanum3
703 2198 769 2244 ita>
793 2198 866 2261 pie
899 2198 1067 2246 bellum
1099 2199 1238 2246 indici
1272 2200 1410 2262 poss‘e.
1449 2200 1518 2246 Ab

232 2270 416 2318 Albanis
437 2270 670 2317 socordius
696 2287 765 2317 res
782 2272 894 2318 acta:
914 2271 1094 2333 excepti
1117 2271 1317 2335 hospitio
1338 2273 1394 2319 ab
1407 2271 1520 2320 Tul-

229 2342 277 2388 lo
300 2342 459 2389 blande
481 2359 532 2389 ac
550 2342 742 2406 benigne
756 2378 769 2402 ,
794 2343 986 2390 comiter
1005 2344 1122 2407 regis
1143 2344 1416 2393 convivium
1437 2361 1516 2392 ce-

227 2416 418 2466 lebrant.
453 2415 666 2480 tantisper
689 2417 887 2464 Romani
907 2418 957 2467 δέ
977 2433 1047 2468 res
1069 2418 1374 2482 repetiverant
1394 2417 1517 2482 prio·
