1582 2793
148 220 237 269 150
493 203 1067 255 T1T1L1V11

140 312 288 370 aliud,
316 328 451 377 quam
478 311 574 360 suas
597 314 741 373 vires,
760 314 832 362 sua
861 333 1009 374 arma,
1038 317 1304 367 horrebant:
1334 338 1430 369 me-

140 387 287 434 moria
319 387 490 450 peffimi
511 390 728 451 proximo
757 391 879 438 bello
906 394 1102 456 exempli
1127 396 1349 454 terrebat,
1370 414 1427 445 ne

137 478 236 509 rem
259 463 599 510 committerent
628 480 685 510 eo
703 500 715 521 ,
746 465 824 510 ubi
855 465 954 512 duae
976 466 1102 513 simul
1122 468 1238 514 acies
1266 468 1427 515 timen-

138 537 209 583 dae
236 536 388 583 effent.
427 538 579 600 Itaque
608 537 756 584 castris
785 537 829 584 se
859 539 1104 599 tenebant,
1134 554 1223 588 tam
1252 543 1426 605 ancipi-

138 610 174 658 ti
199 610 404 674 periculo
430 610 587 659 aversi.
626 611 744 658 diem
778 612 1039 676 tempusque
1065 613 1248 661 forsitan
1282 615 1427 679 ipsum

136 685 385 733 leniturum
404 684 490 731 iras
507 720 523 742 ‚
542 683 861 748 sanitatemque
883 686 1043 733 animis
1064 687 1314 735 allaturum.
1334 692 1426 737 Ve-

136 758 235 822 jens
256 758 394 805 hostis
411 756 676 820 Etruscique
707 773 765 803 eo
796 758 935 822 magis
961 777 1247 823 praepropere
1267 779 1425 826 agere:

135 831 344 879 lacessere
363 831 418 877 ad
435 846 632 893 pugnam
647 847 657 876 :
675 829 826 892 primo
844 832 1152 894 obequitando
1170 832 1316 880 castris
1327 851 1428 898 pro-

134 904 477 966 vocandoque3
513 901 774 965 postremo,
806 920 858 950 ut
888 903 999 951 nihil
1030 907 1308 966 movebant,
1337 925 1426 972 qua

135 979 343 1030 consules
364 978 517 1042 ipsos,
549 994 638 1042 qua
668 978 915 1026 exercitum
934 979 1245 1043 increpando:
1275 987 1424 1030 Simu·-

133 1059 333 1104 lationem
367 1055 562 1120 intestinae
589 1053 803 1113 clzfiordiae
836 1057 1056 1101 remedium
1081 1058 1246 1102 timoris
1278 1060 1425 1103 inven-

131 1148 220 1178 tum
237 1148 254 1175 .·
285 1127 328 1176 G·
347 1127 530 1188 confides
562 1129 700 1188 magis
721 1145 808 1173 non
831 1130 1030 1188 confidere
1043 1165 1058 1188 ,
1080 1148 1203 1190 quam
1225 1149 1314 1176 non
1338 1149 1424 1176 cre-

128 1208 223 1251 dere
234 1204 332 1264 ficis
348 1203 569 1247 militibus.
602 1201 1011 1261 Novumfi’ditionis
1031 1221 1160 1264 genus
1173 1239 1190 1260 ,
1201 1202 1424 1267 silentium

130 1281 339 1338 otiumque
375 1279 482 1322 inter
507 1291 705 1322 armatos.
751 1275 807 1321 ad
843 1274 942 1323 haec
974 1274 1023 1321 in
1054 1277 1308 1324 novitatem
1343 1293 1423 1341 ge·-

130 1349 252 1397 neris
272 1346 581 1413 originisque,
600 1364 690 1412 qua
705 1346 811 1396 falsa
823 1383 836 1406 ‚
851 1365 940 1412 qua
957 1366 1091 1408 vera,
1108 1348 1268 1411 jacere.
1287 1351 1423 1411 Haec,

130 1439 237 1471 cum
255 1421 336 1469 sub
362 1420 461 1484 ipso
478 1420 605 1470 vallo
622 1420 854 1485 portisque
873 1421 1118 1485 streperent
1131 1459 1145 1481 ,
1170 1422 1287 1470 haud
1305 1440 1422 1487 aegre

130 1493 339 1542 consules
372 1492 480 1556 pati.
527 1504 571 1540 at
604 1492 825 1556 imperitae
858 1493 1158 1543 multitudinis
1187 1512 1310 1543 nunc
1346 1497 1422 1543 in-

129 1567 364 1627 dignatio,
397 1582 520 1613 nunc
541 1566 721 1629 pudor,
747 1566 930 1629 pectora
963 1565 1142 1615 versare
1160 1603 1174 1625 ,
1209 1568 1259 1615 &
1279 1568 1334 1615 ab
1351 1569 1419 1616 in-

128 1641 302 1691 testinis
329 1654 534 1688 avertere
553 1639 709 1687 malis:
744 1639 867 1686 nolle
898 1640 1068 1687 inultos
1095 1639 1271 1700 hostes,
1294 1642 1421 1690 nolle

129 1713 401 1770 succeffum,
435 1728 531 1759 non
559 1711 766 1759 Patribus
785 1747 799 1770 ‚
827 1728 924 1758 non
953 1710 1241 1760 consulibus:
1271 1727 1418 1762 exter-

129 1806 188 1836 na
208 1789 259 1835 &
281 1786 524 1834 domestica
544 1786 647 1833 odia
665 1798 833 1833 certare
851 1785 898 1832 in
917 1786 1090 1835 animis.
1127 1788 1330 1836 Tandem
1349 1788 1419 1837 su·

128 1873 291 1927 perant
322 1875 524 1908 externa.
565 1859 679 1906 adeo
709 1859 894 1923 superbe
913 1859 1245 1924 insolenterque
1277 1861 1420 1910 hostis

128 1936 348 1984 eludebat.
403 1934 661 1998 frequentes
705 1933 752 1980 in
795 1933 1059 1997 praetorium
1095 1935 1384 1983 conveniunt
1402 1973 1419 1995 ,

127 2009 322 2073 poscunt
339 2025 537 2072 pugnam
554 2043 567 2066 ‚
592 2007 848 2070 postulant,
867 2020 915 2054 ut
936 2007 1108 2072 signum
1130 2009 1272 2057 detur.
1290 2010 1418 2057 Con-

128 2084 273 2142 sules,
300 2084 429 2131 velut
461 2082 830 2139 deliberabundi,
863 2083 1009 2146 capita
1038 2083 1310 2143 conferunt,
1340 2085 1418 2133 diu

127 2157 475 2221 colloquuntur.
524 2174 725 2220 pugnare
764 2156 1033 2220 cupiebant3
1076 2157 1148 2205 sed
1181 2172 1306 2207 retro
1342 2176 1415 2207 re-

126 2230 340 2276 vocanda
362 2231 411 2276 &
431 2229 634 2276 abdenda
664 2229 883 2292 cupiditas
908 2243 1003 2277 erat
1019 2267 1033 2289 ‚
1051 2243 1102 2277 ut
1132 2229 1413 2278 adversando

126 2303 492 2364 remorandoque
526 2302 715 2349 incitato
754 2302 886 2349 semel
915 2304 1048 2350 militi
1074 2304 1288 2350 adderent
1323 2305 1413 2350 im-

125 2386 295 2437 petum.
331 2375 553 2421 Redditur
581 2375 844 2438 responsum
862 2412 875 2434 ,
907 2381 1176 2423 immaturum
1202 2396 1282 2423 rem
1309 2380 1410 2440 agi,

126 2451 314 2494 nondum
340 2466 497 2510 tempus
520 2467 675 2511 pugnae
703 2448 772 2513 ff
791 2469 806 2495 .·
837 2452 976 2513 castris
997 2453 1046 2511 sl:
1080 2467 1266 2497 tenerent.
1302 2451 1412 2496 Edi-

125 2535 234 2569 cunt
259 2522 362 2570 inde
379 2558 395 2582 9
421 2539 467 2569 ut
491 2525 722 2590 algslc'tzeaszc
741 2511 905 2586 pugn-t.
925 2524 978 2589 sl
996 2527 1089 2586 quis
1110 2523 1272 2588 iszjlcffu
1296 2541 1410 2586 pag-2
