1582 2793
296 172 1194 224 HISTORIARUML113.111.
1330 183 1421 226 217

137 286 329 334 Nautius
371 287 426 332 ad
465 287 650 331 Eretum
690 298 791 327 curn
831 279 1003 326 Sabinis
1029 278 1203 342 egregie
1240 286 1422 339 pugnat.

136 362 191 408 ad
226 360 419 409 vastatos
459 374 589 422 agros
632 374 682 403 ea
718 371 903 419 quoque
941 353 1087 400 clades
1131 351 1306 404 accc-tiit
1344 350 1425 394 Sa-

136 435 268 481 binis.
313 431 523 479 Minucio
553 430 711 477 Fabius
744 430 941 487 Quintus
975 425 1195 473 success'or
1228 424 1275 469 in
1298 420 1424 484 Algi-

137 509 242 555 dum
274 505 439 554 miffus.
486 508 702 551 Extremo
739 517 860 548 anno
894 499 1105 564 agitatum
1143 497 1196 543 de
1237 497 1330 559 lege
1368 494 1424 540 ab

137 581 330 628 tribunis
361 580 434 626 est.
480 579 550 626 sed
570 615 584 636 ,
613 578 719 640 quia
754 577 844 622 duo
881 573 1101 620 exercitus
1133 572 1333 625 aberant,
1366 585 1422 614 ne

137 656 247 719 quid
281 654 470 701 ferretur
499 654 553 700 ad
582 651 802 715 populum
821 687 834 708 ,
855 651 1004 696 Patres
1035 660 1234 694 tenuere.
1270 643 1422 708 plebes

137 730 253 776 vicit
271 765 283 787 ‚
306 742 353 774 ut
382 728 589 791 quintum
616 725 794 772 eosdem
822 723 1030 769 tribunos
1068 730 1282 768 crearent.
1333 718 1423 762 Lu-

139 817 224 864 pos
259 799 380 847 visos
410 799 456 844 in
487 797 724 860 Capitolio
760 795 909 841 ferunt
939 812 961 840 a
994 792 1176 840 canibus
1209 790 1422 854 fugatos;

138 873 201 920 ob
233 873 278 918 id
310 871 568 935 prodigium
600 869 827 916 lustratum
863 867 1146 931 Capitolium
1177 863 1275 911 effe.
1312 863 1423 907 Haec

136 963 194 994 eo
229 962 350 992 anno
382 945 513 1009 gesta.

204 1019 362 1065 XXX.
381 1019 639 1082 Sequuntur
659 1014 863 1063 consules
882 1015 942 1075 Q.
963 1012 1190 1060 Minucius
1207 1048 1220 1068 ‚
1246 1011 1300 1056 C.
1321 1010 1424 1055 Ho-

136 1092 273 1139 ratius
297 1090 529 1136 Pulvillus.
565 1088 709 1150 Cujus
732 1087 864 1135 initio
882 1087 986 1134 anni
1010 1103 1112 1133 cum
1141 1083 1253 1130 foris
1276 1081 1423 1128 otium

136 1167 241 1214 effet
256 1202 269 1223 ‚
290 1165 413 1212 domi
442 1163 685 1211 seditiones
714 1162 847 1209 iidem
868 1161 1066 1219 tribuni,
1083 1158 1235 1205 eadem
1254 1156 1327 1202 lex
1354 1153 1424 1200 fa-

139 1239 298 1288 ciebat.
345 1236 618 1300 ulteriusque
651 1248 839 1282 ventum
881 1233 1030 1291 soret,
1062 1231 1213 1294 (adeo
1249 1225 1425 1274 exarse-

137 1326 235 1362 rant
266 1311 425 1359 animis
446 1309 468 1375 )
487 1311 561 1370 ni,
581 1310 706 1357 velut
728 1309 874 1355 dedita
905 1324 1043 1370 opera
1057 1343 1069 1365 ‚
1092 1305 1318 1352 nocturno
1340 1300 1426 1346 im-

137 1402 243 1452 petu
270 1388 522 1451 AEquorum
545 1385 783 1431 Corbione
806 1383 1005 1430 amiffitm
1025 1379 1278 1444 praefidium
1306 1391 1426 1421 nun-

138 1462 299 1509 tiatum
335 1460 454 1507 effet.
505 1459 716 1505 Senatum
750 1456 954 1506 consules
985 1465 1185 1512 vocant,
1215 1450 1427 1512 jubentur

136 1533 399 1582 subitarium
430 1531 620 1579 scribere
653 1531 929 1588 exercitum,
961 1541 1091 1592 atque
1126 1528 1174 1573 in
1212 1522 1425 1587 Algidum

138 1609 317 1656 ducere.
356 1607 463 1654 Inde
479 1643 492 1665 ‚
509 1607 658 1669 posito
688 1607 796 1672 legis
817 1605 1056 1653 certamine
1075 1638 1089 1661 ‚
1111 1617 1235 1648 nova
1263 1599 1317 1644 de
1343 1597 1422 1642 de-

136 1684 253 1730 leEtu
282 1682 518 1730 contentio
550 1694 666 1730 orta.
700 1681 1058 1743 vincebaturque
1081 1675 1314 1725 consulare
1342 1670 1425 1717 im·-

137 1756 313 1819 perium
348 1752 596 1801 tribunicio
631 1753 831 1811 auxilio,
854 1769 957 1799 cum
987 1749 1097 1797 alius
1124 1747 1301 1795 additur
1333 1756 1425 1790 ter-

137 1845 249 1875 ror:
285 1827 497 1874 Sabinum
533 1826 780 1874 exercitum
814 1825 1058 1888 praedatum
1091 1818 1358 1869 descendisse
1376 1816 1426 1862 in

140 1916 270 1965 agros
303 1900 536 1947 Romanos
560 1935 573 1958 ‚
602 1900 707 1946 inde
739 1900 795 1946 ad
825 1898 981 1944 urbem
1004 1895 1176 1943 venire.
1216 1896 1254 1940 Is
1280 1903 1426 1939 metus

139 1971 364 2036 perpulit,
397 1987 445 2018 ut
478 1970 611 2018 scribi
643 1970 833 2018 militem
869 1969 1040 2016 tribuni
1066 1968 1294 2023 sinerent3
1326 1980 1424 2010 non

137 2045 229 2092 sine
262 2044 470 2107 pactione
505 2056 783 2102 tamen‚ut,
805 2042 1024 2107 quoniam
1058 2040 1138 2103 ipsi
1169 2039 1426 2104 quinquen·

138 2118 265 2164 nium
298 2117 404 2164 elufi
439 2117 605 2175 essent,
639 2133 918 2180 parvumque
945 2115 991 2162 id
1021 2114 1142 2179 plebi
1171 2110 1425 2176 praefidium

140 2189 287 2246 foret,
307 2188 461 2236 decem
484 2190 643 2238 deinde
662 2189 830 2237 tribuni
857 2188 999 2252 plebis
1027 2198 1301 2235 crearentur.
1335 2185 1424 2229 Ex-

139 2261 291 2325 preffit
318 2261 409 2309 hoc
439 2263 668 2310 necessitas
695 2262 915 2310 Patribus.
949 2263 994 2308 id
1015 2262 1155 2309 modo
1178 2273 1426 2321 excepere,

141 2351 198 2382 ne
215 2333 366 2396 postea
384 2336 562 2382 eosdem
582 2337 790 2383 tribunos
808 2336 1026 2398 juberent.
1055 2332 1322 2383 Tribunicia
1341 2345 1425 2377 co-

140 2407 267 2455 mitia
294 2408 312 2471 (
334 2424 388 2455 ne
427 2410 472 2455 id
493 2426 676 2473 quoque
703 2411 804 2474 post
833 2411 997 2458 bellum
1018 2447 1032 2470 ,
1053 2422 1103 2456 ut
1138 2420 1282 2455 cetera
1299 2442 1312 2464 ,
1340 2421 1424 2452 va-

141 2497 250 2530 num
282 2480 421 2551 effer)
442 2483 673 2548 extemplo
692 2483 854 2534 habita.
885 2483 1133 2547 Tricefimo
1152 2480 1277 2529 sexto
1300 2494 1424 2528 anno
