1680 2803
342 153 395 201 D
424 154 467 200 E
538 153 588 200 T.
649 152 686 198 L
719 155 745 198 Ι
780 157 829 199 V
856 155 886 199 I
916 153 971 201 0.
1163 163 1368 204 Lxxxm

66 256 198 310 etiarn
236 274 260 309 e
296 262 473 309 Codice
513 259 719 308 Laudino
760 260 936 324 prolata
985 269 1110 324 ῥῆσις,
1143 280 1244 328 quae
1278 282 1367 328 pro

66 335 319 400 fragmento
351 335 473 382 Livii
504 334 622 382 effer.
665 335 713 380 Id
739 333 801 380 est
838 332 1126 396 hujusmodi,
1149 337 1366 399 pertinet-

63 426 153 473 que
175 409 229 455 ad
255 410 302 456 L.
323 409 454 455 XXII
471 443 483 465 ,
511 410 577 455 18.
601 406 702 470 post
730 407 869 455 verba
898 407 1068 468 Allifhs
1088 413 1178 455 loco
1203 415 1288 458 alto
1307 431 1365 461 m.

64 483 248 542 consedit
266 501 282 528 :
311 483 367 527 Et
389 480 636 543 reparando
661 479 881 544 suggreffu
903 497 1038 527 manu
1067 480 1183 527 haud
1205 496 1365 547 magna

61 552 213 599 Allifae
238 552 438 613 moenia,
459 552 581 617 quasi
605 552 756 616 palans
780 551 1078 616 perveniens,
1099 570 1156 600 ex
1184 557 1363 617 oppido

60 623 228 672 bellum
262 624 470 672 instruffita
505 626 789 672 armamentis
823 625 995 689 erupit,
1024 642 1158 690 quam
1196 627 1359 676 consul

62 700 111 747 vi
145 712 322 762 captam
353 700 586 747 trucidatis
607 735 620 758 ,
653 699 731 764 qui
763 699 811 745 in
844 715 893 745 ea
932 699 1254 759 constiterant,
1288 718 1363 748 re-

61 772 209 821 servat
240 775 295 821 ad
325 790 530 838 pugnam.
563 773 648 820 Sed
681 772 927 836 oppidani,
951 772 1062 821 ficut
1080 773 1248 837 quibus
1276 791 1358 822 cu-

58 863 121 892 rae
156 845 364 910 pusillum
399 846 577 904 inerat,
605 845 652 891 in
695 845 813 892 diem
849 843 1038 892 alterum
1078 845 1358 894 umbonibus

57 918 260 967 helluatis
294 936 463 983 paucos
499 918 677 983 fugaces
704 916 954 977 invadunt,
981 918 1356 984 elephantemque

58 991 213 1040 omine
241 993 419 1040 meliori
442 1004 700 1056 receptant,
721 993 770 1040 &
793 990 978 1051 Allifas,
1000 990 1182 1039 Rufium
1202 1010 1357 1057 quon-

57 1068 160 1115 dam
192 1067 418 1115 vocitatas
437 1104 450 1126 ,
471 1067 526 1114 ab
557 1067 720 1114 dextro
750 1065 960 1130 sequente
992 1064 1241 1126 sinistrum,
1271 1084 1356 1115 au-

54 1141 186 1206 gurio
209 1157 378 1188 nomen
403 1141 649 1205 imponunt
669 1138 1101 1203 accolae.-—Super
1119 1139 1211 1188 hoc
1231 1138 1354 1205 frag-

50 1227 210 1262 mento
240 1215 423 1279 legenda
455 1214 696 1263 DodWelli
722 1214 988 1262 Dissertatio
1017 1213 1146 1278 supra
1174 1232 1355 1263 memo·

52 1299 146 1335 rata
162 1324 175 1346 ,
196 1287 240 1334 in
263 1288 452 1336 Hearnii
481 1288 604 1335 notis
629 1289 679 1336 &
700 1287 872 1336 T.V11.
899 1288 967 1335 ed.
996 1290 1082 1336 Dr.
1108 1289 1185 1353 qui
1209 1289 1352 1338 histo-

51 1359 163 1407 riam
184 1397 197 1419 ,
218 1378 320 1425 quae
351 1362 413 1409 est
444 1361 492 1408 in
524 1361 778 1426 fragmento
791 1398 807 1420 ,
829 1362 1025 1425 explicat
1043 1364 1093 1411 &
1120 1363 1349 1414 defendit:

52 1451 137 1482 nec
162 1446 311 1481 tamen
338 1435 419 1482 fibi
442 1435 654 1484 satisfacit
681 1437 730 1484 &
750 1436 1045 1499 pronuntiare
1068 1437 1229 1493 audet,
1251 1454 1348 1486 eam

47 1524 208 1555 veram
240 1509 355 1568 effe,
377 1509 454 1557 vel
485 1509 787 1574 fragmentum
818 1510 909 1557 hoc
940 1510 1024 1557 effe
1052 1510 1188 1558 Livii.
1227 1512 1351 1574 Spu-

48 1580 166 1626 rium
198 1582 315 1629 reHe
345 1581 517 1645 judicat
547 1584 757 1646 Cuperus
783 1582 902 1631 libro
930 1583 984 1631 de
1011 1583 1274 1648 Elephantis
1295 1582 1345 1632 in

47 1655 195 1702 numis
216 1674 254 1704 c.
275 1674 331 1716 4,
350 1668 402 1703 ut
429 1657 479 1704 &
509 1656 602 1705 alii.

272 1807 306 1849 S
324 1817 351 1851 c
367 1817 402 1849 R
416 1817 438 1850 Ι
451 1818 485 1851 Ρ
500 1819 531 1851 T
543 1816 579 1850 Α
622 1807 791 1853 Livium
833 1807 1102 1874 illustrantia.

123 1938 236 1984 Sunt
258 1939 306 1986 &
334 1939 419 1985 alia
445 1940 651 2002 quaedam
681 1937 843 2003 scripta
871 1940 1178 1989 recentiorum
1195 1977 1210 2002 ,
1240 1942 1346 2007 qui-

41 2010 125 2059 bus
155 2010 321 2070 Livio,
355 2011 431 2057 vel
470 2010 565 2072 ejus
603 2013 767 2072 rebus,
795 2025 872 2060 aut
905 2013 1079 2078 scriptis
1110 2013 1191 2062 lux
1226 2033 1347 2063 non·

42 2084 166 2131 nulla
198 2083 396 2131 affertur.
439 2086 552 2132 Sunt
582 2097 730 2132 autem
762 2086 954 2149 duplicis
989 2087 1197 2151 generis:
1233 2088 1347 2135 alte-

40 2175 143 2205 rum
175 2157 236 2205 est
264 2158 491 2206 Criticum
526 2161 576 2207 ὅ(
604 2160 1001 2216 Grammaticum3
1033 2161 1221 2208 alterum
1251 2163 1346 2209 Po·

39 2227 231 2276 liticum.
274 2232 341 2275 Ex
380 2230 462 2277 illo
491 2247 683 2294 genere,
715 2243 764 2277 ut
795 2231 967 2278 mittam
998 2248 1076 2278 eos
1095 2268 1108 2291 ,
1136 2233 1216 2296 qui
1248 2251 1347 2280 non

39 2303 340 2367 peculiaribus
383 2303 509 2350 libris
549 2305 594 2351 id
634 2304 812 2364 fecere,
850 2305 922 2352 sed
961 2321 1039 2368 per
1082 2305 1347 2353 occasiones

39 2377 216 2435 varias,
245 2389 293 2424 ut
314 2378 912 2441 Perizonius'excellentibus
940 2381 990 2426 &
1022 2396 1251 2442 nunquam
1278 2379 1345 2425 sa-

36 2449 95 2498 tis
124 2451 355 2499 laudandis
374 2452 863 2504 Animadversionibus
882 2452 1107 2499 historicis
1126 2487 1140 2513 ,
1160 2454 1342 2514 Pighius

967 2525 1051 2572 fa,
