1680 2803
541 158 855 204 VITA.
1284 166 1359 200 xv

59 268 190 326 XIX,
205 267 284 333 qui
303 269 353 315 &
367 266 623 329 elogiorum
644 263 929 327 reliquorum
944 263 1158 308 summam
1177 262 1238 308 ita
1258 279 1364 310 con·

60 352 199 399 fecit:
234 353 363 397 Nihil
385 353 462 396 lzoc
477 350 679 411 scriptore
708 349 762 414 est
785 348 991 409 grandius
1011 381 1026 402 ,
1047 362 1166 405 atque
1187 349 1365 392 uberius.

61 435 245 498 Dignus
266 433 327 479 ob
347 432 394 478 id
414 431 574 478 Livius
594 429 766 492 semper
783 428 844 475 est
866 428 1044 474 habitus
1061 463 1075 485 ‚
1096 427 1174 490 qui
1194 430 1249 473 ad
1270 429 1366 474 Ro·

63 534 211 565 manae
248 515 445 562 historiae
471 513 784 577 cognitionem
802 547 816 570 ,
840 510 1219 574 prudentiamque
1250 510 1363 556 civi-

61 600 151 647 lem
181 617 286 647 cum
318 597 582 662 eloquentia
608 594 957 657 comparandam
976 630 990 652 ,
1021 591 1227 640 studiofis
1256 592 1365 639 ado-

63 682 333 730 lescentibus
373 680 586 726 omnibus
622 688 961 742 proponeretur
984 712 999 736 ‚
1032 675 1238 740 unusque
1271 692 1368 738 prae

63 765 227 814 ceteris
247 766 293 811 in
316 762 526 810 manibus
544 761 793 808 haberetur.
827 759 948 808 Hinc
971 758 1047 806 illa
1065 758 1369 820 Quinffiliani

65 849 143 895 lib.
166 850 201 895 II
216 883 230 904 ‚
250 847 362 909 Cap.
384 847 425 890 V
445 862 454 891 :
477 848 626 891 Livius
644 864 671 890 a
684 847 830 906 pueris
846 846 984 906 magis
1001 846 1196 906 legendus
1211 879 1225 902 ,
1243 860 1368 904 quam

65 931 286 997 Sallustius
305 965 319 988 ,
357 927 401 975 G
433 930 500 975 hic
533 929 707 994 lzzstoriae
738 928 915 983 majoris
956 926 1008 993 est
1035 927 1191 974 auc‘t'or.
1241 924 1370 988 Legit

67 1013 275 1061 Barthius
317 1011 365 1057 in
399 1010 681 1058 Adversariis
713 1028 724 1057 ε
775 1013 845 1055 Sit
879 1012 945 1055 lzic
978 1010 1153 1076 historiae
1189 1008 1369 1065 majoris

67 1097 221 1145 auHor.
265 1096 321 1142 Et
349 1093 476 1139 Statii
508 1092 583 1139 lib.
619 1094 698 1152 lv,
728 1092 837 1140 Silv.
866 1094 980 1139 VIII.

265 1211 352 1256 Sed
377 1225 472 1254 tuus
502 1224 610 1254 artes
632 1226 740 1268 puer
765 1223 860 1253 ante
888 1207 1044 1267 dzscat,

269 1295 409 1338 Omne
438 1292 532 1352 qufs
563 1294 714 1336 mundi
729 1293 900 1350 finium
931 1290 1135 1349 remensus

267 1377 359 1421 Ora
381 1374 555 1440 Sallusti
580 1376 711 1419 brevis
727 1408 741 1431 ‚
764 1371 805 1419 ὃ
831 1374 1000 1417 Timavi

540 1458 704 1502 Reddis
732 1459 966 1501 alumnum.

409 1613 456 1670 C
508 1616 555 1669 A
604 1613 646 1670 P
697 1613 753 1670 U
799 1611 849 1669 T
934 1613 1064 1670 IV.

333 1754 512 1799 FAMA
551 1756 738 1800 nominis
772 1750 815 1799 δ’
847 1752 1114 1819 existimatio.

76 1859 226 1937 VEL
261 1904 318 1935 ex
346 1887 438 1935 hoc
475 1903 572 1933 uno
601 1886 657 1932 T.
690 1884 810 1932 Livii
839 1883 1112 1930 existimatio
1146 1898 1196 1927 ac
1232 1879 1379 1944 glorIa

77 1971 328 2036 speftetur,
356 1969 484 2033 quod
514 1984 611 2014 non
652 1967 796 2013 solum
832 1964 1016 2011 studiosi
1036 2001 1050 2022 ‚
1081 1964 1248 2027 quique
1277 1980 1379 2010 eum

76 2054 443 2107 venerabantur;
469 2049 693 2114 Augustus
723 2047 813 2112 ipse
838 2047 1012 2094 summo
1038 2063 1194 2093 amore
1220 2063 1271 2093 ac
1295 2046 1377 2092 fin-

77 2137 222 2202 gulari
246 2132 572 2183 benevolentia
598 2131 983 2195 prosequebatur,
1003 2129 1252 2177 admirante
1272 2129 1380 2175 uni-

77 2218 211 2269 verso
246 2218 440 2276 Senatu,
472 2215 747 2280 Populoque
783 2215 1026 2268 Roman0;
1057 2212 1131 2259 sed
1157 2212 1260 2259 orbi
1289 2211 1378 2257 toti

80 2301 359 2350 notiffimum
389 2299 523 2347 multi
556 2315 613 2345 ex
651 2297 820 2344 ultimis
850 2295 1076 2358 Hispaniae
1106 2294 1379 2342 Galliarum-

82 2400 173 2449 que
192 2381 357 2429 finibus
379 2381 467 2429 viri
489 2381 681 2427 illustres
710 2380 907 2426 Romam
928 2378 1111 2425 adibant
1127 2413 1141 2437 ‚
1161 2390 1211 2423 ut
1238 2393 1380 2421 unum

84 2466 214 2515 illum
228 2501 245 2526 ‚
264 2463 409 2516 lableo
430 2464 705 2528 eloquentiae
731 2462 860 2509 fonte
881 2476 1136 2508 manantem
1152 2493 1168 2515 ‚
1187 2471 1382 2505 contue-
