1680 2803
398 159 447 201 „ij
478 158 520 201 Σ
586 156 632 200 T.
685 155 720 198 L
755 156 782 198 I
814 157 859 198 V
889 157 914 197 l
951 153 1007 199 Ο.
1216 166 1358 200 Lxxv

74 259 340 310 criticorum
367 269 378 290 ¹
411 261 608 323 rigorem
638 259 811 306 constat
841 259 1096 321 pepercisse.
1132 262 1361 321 chndidsjs'-

56 338 218 405 fimum
237 340 422 383 omnium
441 354 685 398 magnorusn
705 338 961 396 ingeniorum
980 338 1253 400 (rszlmasorcm
1277 350 1363 379 vo·

71 425 143 461 cat
169 413 232 457 M.
250 411 417 456 Seneca
447 409 635 456 suasoria
657 412 765 464 VII,
788 409 838 454 &
855 407 1040 455 Tacitus
1063 409 1144 464 IV,
1170 424 1242 468 34.
1264 410 1362 453 An-

68 485 154 532 nal.
194 489 425 547 eloquentiae
457 505 506 531 ac
527 488 636 545 fidei
661 489 906 546 ραι-[αντιφ
940 486 1163 543 inprimis,
1191 499 1360 545 magno

66 560 118 607 &
143 575 255 607 vero
279 559 448 620 elogio.
478 558 599 606 Livii
631 558 823 603 lcc'cione.
850 575 873 602 a
904 556 1069 602 morbo
1097 555 1360 600 convaluis-

64 629 108 678 se
146 623 326 677 nariant
362 631 689 678 Ferdinandum
727 629 1055 676 Catholicum:
1094 629 1277 692 perinde
1311 640 1360 676 ut

63 705 213 752 Curtii
232 705 513 768 Alphonsum
546 703 810 768 Arragonire
840 704 1023 767 Regem.
1060 702 1359 752 Buchananus

61 795 178 825 vero
214 792 263 826 ut
296 780 478 826 Liv.um
521 779 653 826 nobis
689 779 876 825 alterum
911 778 1178 833 exhiberet,
1211 777 1357 824 libros

60 852 156 916 ejus
192 853 444 918 superstites
476 871 502 900 a
533 853 678 916 capite
708 852 843 915 usque
877 852 934 899 aci
966 851 1133 898 calcem
1161 850 1357 898 traditur

57 927 291 992 perlegisse
322 943 416 974 non
441 926 589 973 minus
607 926 792 991 vigesies
811 963 826 984 ,
847 936 867 956 2
890 940 1022 989 atque
1054 927 1115 972 ita
1146 926 1202 973 ad
1233 942 1354 988 opus

0 1023 6 1027 ·
56 999 270 1046 Historiae
295 999 490 1048 Scoticae
517 1000 850 1064 componendae
881 998 924 1046 se
953 998 1206 1047 accinxisse.
1248 999 1353 1046 Alia

55 1071 104 1117 in
130 1071 253 1119 Livii
288 1072 463 1120 laudem
491 1072 717 1138 Augustus
750 1073 1011 1120 Buchnerus
1040 1071 1201 1120 differt.
1232 1074 1352 1120 Aca·

55 1145 230 1193 demica
253 1161 360 1210 393.
388 1146 565 1195 Citatur
584 1164 609 1194 a
630 1146 770 1195 Livio
792 1151 949 1195 Fabius
969 1147 1134 1205 Piflor,
1155 1146 1350 1211 scripto-

51 1238 154 1268 rum
191 1223 518 1286 antiquiffimus
548 1226 596 1282 1,
617 1241 692 1285 44.
725 1227 789 1283 II,
810 1240 889 1283 40.
925 1227 1055 1281 VIII,
1079 1240 1153 1287 30.
1179 1225 1249 1282 X,
1276 1243 1349 1288 37.

51 1294 172 1341 Tum
206 1300 397 1344 Valerius
415 1300 578 1345 Antias
597 1300 675 1356 IV,
700 1313 773 1359 23.
796 1299 954 1356 XXV,
976 1315 1048 1360 39.
1069 1298 1246 1356 XXVI,
1268 1318 1345 1361 49.

52 1370 245 1428 XXIX,
271 1387 344 1435 35.
362 1372 523 1431 XXX,
550 1389 618 1438 19.
639 1390 714 1437 29.
731 1373 931 1429 XXXII,
956 1376 996 1416 6.
1026 1371 1247 1427 XXXIII,
1278 1390 1346 1420 10.

53 1458 129 1504 30.
162 1444 236 1506 36.
267 1445 490 1504 XXXIV,
519 1461 588 1511 15.
621 1447 852 1504 XXXVI,
881 1463 951 1508 19.
979 1446 1052 1508 38.
1076 1446 1344 1505 XXXVIII,

53 1533 126 1578 23.
157 1520 206 1565 &
234 1520 381 1565 Macer
407 1523 596 1568 Licinius
625 1523 706 1580 IV,
729 1538 773 1580 7.
796 1536 869 1567 20.
894 1536 967 1581 23.
1002 1532 1132 1583 atque
1173 1522 1231 1580 Q.
1255 1522 1342 1565 Tu-

51 1592 142 1635 bero
159 1590 241 1647 IV,
265 1606 337 1651 23.
352 1591 422 1650 X,
441 1610 485 1657 9.
510 1594 579 1639 Ex
605 1592 779 1640 Graecis
804 1591 1098 1655 scriptoribus
1116 1593 1340 1652 Polybius,

110 1731 126 1757 1
154 1718 214 1767 Jo.
237 1719 420 1761 Brodaeus
442 1722 490 1762 ad
506 1722 576 1771 III,
592 1736 654 1776 23.

731 1724 913 1777 Polybio,
934 1738 959 1761 a
987 1722 1108 1762 multis
1123 1752 1135 1771 ,
1161 1733 1201 1760 ut
1219 1722 1337 1772 secum

47 1771 255 1825 Antholog.
278 1788 319 1826 p.
339 1789 426 1830 379.
447 1777 590 1816 Livium
604 1780 654 1817 ci-

46 1839 120 1865 tare
135 1829 221 1880 quid
243 1830 370 1868 attinet
386 1861 397 1878 ‚
406 1832 650 1884 sempiternum

48 1880 231 1920 Gallorum
257 1885 492 1937 adverfizrium
519 1888 649 1939 (sicuti

44 1936 123 1972 reae
137 1936 277 1988 collegit
299 1938 530 1988 Glareanus)
543 1941 646 1994 qu'us

38 1988 133 2039 fides
163 1991 282 2029 merito
303 1991 526 2042 insinnatur,
545 2006 649 2046 atque

42 2054 82 2079 ut
107 2043 250 2081 invidiae
273 2045 376 2096 plena
399 2048 443 2084 ab
459 2048 649 2087 Antonino

44 2095 114 2134 Pio
141 2097 323 2149 (respicit
348 2098 480 2140 locum
504 2101 543 2140 in
573 2104 650 2142 An-

45 2151 167 2190 tonini
194 2151 421 2204 Itinerario)
443 2167 482 2193 ut
490 2156 647 2209 gloriaea

42 2204 167 2243 Plinio
199 2207 378 2258 (praeFat.
407 2208 502 2249 Hist.
534 2211 645 2265 nat.)

39 2270 78 2295 uc
104 2261 273 2299 mendacii
301 2264 346 2300 ab
370 2263 530 2317 Augusto
545 2295 557 2313 ,
582 2266 646 2304 Li-

39 2312 238 2366 viomastige
258 2316 418 2367 scilicet,
447 2318 644 2373 Pompeja-

41 2380 122 2425 ''us''
150 2382 224 2405 cum
255 2371 455 2422 appellante
479 2377 496 2425 (
521 2372 645 2414 Tacit.

42 2417 110 2465 IV,
135 2433 192 2472 34.
218 2422 383 2467 Annal.)
409 2437 447 2464 ut
468 2441 645 2479 perperam

41 2486 114 2511 curn
142 2475 412 2533 Halicarnaffio
425 2509 440 2528 ,
461 2481 641 2531 D1‘0doro,

722 1793 893 1833 pugnans
907 1809 920 1823 .,
935 1794 958 1816 a
977 1777 1167 1815 Laurentio
1197 1775 1304 1812 Valla
1317 1791 1334 1821 ,-

726 1846 766 1872 ut
781 1832 950 1887 fizbulofiz
980 1831 1090 1869 veluti
1119 1831 1161 1868 de
1183 1831 1273 1868 Caco
1293 1828 1330 1865 G*

726 1888 899 1927 Evandro
924 1887 1030 1938 quuet
1047 1916 1057 1933 ,
1073 1896 1215 1922 notatur
1226 1884 1333 1921 lama

723 1941 790 1980 illa
821 1943 959 1980 ubertas
985 1938 1050 1978 &a
1083 1938 1163 1986 Jac.
1190 1936 1333 1976 Palme-

724 1995 801 2033 rius
838 1994 878 2032 in
910 1994 1039 2034 Exere.
1072 1992 1121 2031 ad
1159 1991 1332 2040 optimos

725 2051 898 2089 auftores
916 2049 1067 2090 Graecos
1084 2060 1122 2097 p.
1153 2045 1238 2085 188.
1254 2045 1331 2095 seq.

725 2103 846 2154 carpit
861 2134 872 2150 ,
887 2113 930 2143 ut
945 2101 1178 2151 aretalogum
1202 2101 1237 2139 St
1255 2099 1331 2139 Ro-

724 2170 927 2197 manorum
960 2155 1194 2206 mancipium
1212 2185 1222 2199 ,
1250 2153 1334 2204 pla-

724 2211 884 2262 giarium
919 2210 1093 2261 Polybii,
1129 2206 1227 2248 Galli
1259 2221 1332 2247 no-

722 2267 835 2307 minis
857 2266 1057 2305 inimicum
1076 2266 1149 2304 Sec.

777 2336 798 2361 2
840 2321 939 2361 Elias
976 2320 1145 2359 Francus
1185 2315 1330 2366 praefat.

725 2382 1055 2427 programmatum
1079 2404 1090 2422 ,
1134 2371 1327 2413 editorum

723 2429 871 2471 Islcbiae
899 2431 1010 2483 1699.
1038 2428 1074 2468 8.
