<?xml version="1.0" encoding="UTF-8"?>
<!DOCTYPE html PUBLIC "-//W3C//DTD XHTML 1.0 Transitional//EN"
    "http://www.w3.org/TR/xhtml1/DTD/xhtml1-transitional.dtd">
<html xmlns="http://www.w3.org/1999/xhtml" xml:lang="en" lang="en">
 <head>
  <title>
</title>
<meta http-equiv="Content-Type" content="text/html;charset=utf-8" />
  <meta name='ocr-system' content='tesseract 3.04.00' />
  <meta name='ocr-capabilities' content='ocr_page ocr_carea ocr_par ocr_line ocrx_word'/>
</head>
<body>
  <div class='ocr_page' id='page_1' title='image "./historiarumlibri01livyuoft_0236.png"; bbox 0 0 1582 2793; ppageno 0'>
   <div class='ocr_carea' id='block_1_1' title="bbox 148 157 1073 221">
    <p class='ocr_par' dir='ltr' id='par_1_1' title="bbox 148 157 1073 221">
     <span class='ocr_line' id='line_1_1' title="bbox 148 157 1073 221; baseline -0.001 -17"><span class='ocrx_word' id='word_1_1' title='bbox 148 174 211 221; x_wconf 71' lang='lat'><strong>7²</strong></span> <span class='ocrx_word' id='word_1_2' title='bbox 507 157 1073 207; x_wconf 83' lang='lat' dir='ltr'>TITILIVII</span> 
     </span>
    </p>
   </div>
   <div class='ocr_carea' id='block_1_2' title="bbox 147 264 1463 1219">
    <p class='ocr_par' dir='ltr' id='par_1_2' title="bbox 147 264 1463 1219">
     <span class='ocr_line' id='line_1_2' title="bbox 148 264 1455 331; baseline 0.001 -17"><span class='ocrx_word' id='word_1_3' title='bbox 148 265 308 314; x_wconf 82' lang='lat' dir='ltr'><strong>frenos</strong></span> <span class='ocrx_word' id='word_1_4' title='bbox 326 265 390 324; x_wconf 85' lang='lat' dir='ltr'><strong>is,</strong></span> <span class='ocrx_word' id='word_1_5' title='bbox 423 265 500 331; x_wconf 87' lang='lat' dir='ltr'><strong>qui</strong></span> <span class='ocrx_word' id='word_1_6' title='bbox 522 264 726 329; x_wconf 87' lang='lat' dir='ltr'><strong>jumenta</strong></span> <span class='ocrx_word' id='word_1_7' title='bbox 755 265 939 330; x_wconf 83' lang='lat' dir='ltr'><strong>agebat,</strong></span> <span class='ocrx_word' id='word_1_8' title='bbox 968 265 1286 331; x_wconf 82' lang='lat' dir='ltr'><strong>jacentemque</strong></span> <span class='ocrx_word' id='word_1_9' title='bbox 1306 266 1455 315; x_wconf 60' lang='lat' dir='ltr'><strong>domis</strong></span> 
     </span>
     <span class='ocr_line' id='line_1_3' title="bbox 147 340 1456 390; baseline -0.001 -1"><span class='ocrx_word' id='word_1_10' title='bbox 147 359 221 390; x_wconf 82' lang='lat' dir='ltr'><strong>11ae</strong></span> <span class='ocrx_word' id='word_1_11' title='bbox 238 342 449 388; x_wconf 87' lang='lat' dir='ltr'><strong>Servium</strong></span> <span class='ocrx_word' id='word_1_12' title='bbox 479 342 753 389; x_wconf 83' lang='lat' dir='ltr'><strong>trucidatum</strong></span> <span class='ocrx_word' id='word_1_13' title='bbox 773 340 984 388; x_wconf 85' lang='lat' dir='ltr'><strong>ostendit.</strong></span> <span class='ocrx_word' id='word_1_14' title='bbox 1020 341 1212 388; x_wconf 84' lang='lat' dir='ltr'><strong>Foedum</strong></span> <span class='ocrx_word' id='word_1_15' title='bbox 1238 341 1456 389; x_wconf 86' lang='lat' dir='ltr'><strong>inhuma-</strong></span> 
     </span>
     <span class='ocr_line' id='line_1_4' title="bbox 148 414 1456 479; baseline 0.001 -18"><span class='ocrx_word' id='word_1_16' title='bbox 148 431 353 479; x_wconf 83' lang='lat' dir='ltr'>numque</span> <span class='ocrx_word' id='word_1_17' title='bbox 380 415 485 463; x_wconf 89' lang='lat' dir='ltr'><strong>inde</strong></span> <span class='ocrx_word' id='word_1_18' title='bbox 518 417 706 464; x_wconf 83' lang='lat' dir='ltr'>traditur</span> <span class='ocrx_word' id='word_1_19' title='bbox 737 415 910 472; x_wconf 77' lang='lat' dir='ltr'><strong>scelu53</strong></span> <span class='ocrx_word' id='word_1_20' title='bbox 944 428 1346 479; x_wconf 85' lang='lat' dir='ltr'><strong>monumentoque</strong></span> <span class='ocrx_word' id='word_1_21' title='bbox 1380 414 1456 462; x_wconf 92' lang='lat' dir='ltr'><strong>lo-</strong></span> 
     </span>
     <span class='ocr_line' id='line_1_5' title="bbox 150 489 1454 556; baseline -0.003 -16"><span class='ocrx_word' id='word_1_22' title='bbox 150 507 231 540; x_wconf 87' lang='lat' dir='ltr'><strong>cus</strong></span> <span class='ocrx_word' id='word_1_23' title='bbox 266 489 359 538; x_wconf 88' lang='lat' dir='ltr'><strong>est:</strong></span> <span class='ocrx_word' id='word_1_24' title='bbox 400 490 676 538; x_wconf 82' lang='lat' dir='ltr'>Sceleratum</span> <span class='ocrx_word' id='word_1_25' title='bbox 713 489 868 538; x_wconf 87' lang='lat' dir='ltr'><strong>vicum</strong></span> <span class='ocrx_word' id='word_1_26' title='bbox 902 503 1078 539; x_wconf 86' lang='lat' dir='ltr'><strong>vocant</strong></span> <span class='ocrx_word' id='word_1_27' title='bbox 1100 529 1113 553; x_wconf 89' lang='lat'><em>‚</em></span> <span class='ocrx_word' id='word_1_28' title='bbox 1149 507 1242 556; x_wconf 88' lang='lat' dir='ltr'><strong>quo</strong></span> <span class='ocrx_word' id='word_1_29' title='bbox 1272 506 1454 549; x_wconf 87' lang='lat' dir='ltr'><strong>amens,</strong></span> 
     </span>
     <span class='ocr_line' id='line_1_6' title="bbox 152 563 1456 630; baseline -0.002 -17"><span class='ocrx_word' id='word_1_30' title='bbox 152 564 426 630; x_wconf 80' lang='lat' dir='ltr'>agitantibus</span> <span class='ocrx_word' id='word_1_31' title='bbox 453 564 581 611; x_wconf 81' lang='lat' dir='ltr'><strong>furiis</strong></span> <span class='ocrx_word' id='word_1_32' title='bbox 613 563 783 610; x_wconf 85' lang='lat' dir='ltr'><strong>sororis</strong></span> <span class='ocrx_word' id='word_1_33' title='bbox 817 581 869 611; x_wconf 86' lang='lat' dir='ltr'><strong>ac</strong></span> <span class='ocrx_word' id='word_1_34' title='bbox 891 563 1011 623; x_wconf 84' lang='lat' dir='ltr'><strong>viri,</strong></span> <span class='ocrx_word' id='word_1_35' title='bbox 1044 567 1194 614; x_wconf 85' lang='lat' dir='ltr'><strong>Tullia</strong></span> <span class='ocrx_word' id='word_1_36' title='bbox 1218 583 1296 630; x_wconf 88' lang='lat' dir='ltr'><strong>per</strong></span> <span class='ocrx_word' id='word_1_37' title='bbox 1320 564 1456 630; x_wconf 87' lang='lat' dir='ltr'><strong>patris</strong></span> 
     </span>
     <span class='ocr_line' id='line_1_7' title="bbox 151 636 1457 703; baseline -0.002 -17"><span class='ocrx_word' id='word_1_38' title='bbox 151 655 323 702; x_wconf 80' lang='lat' dir='ltr'><strong>corpus</strong></span> <span class='ocrx_word' id='word_1_39' title='bbox 343 650 608 701; x_wconf 71' lang='lat' dir='ltr'>carpentum</span> <span class='ocrx_word' id='word_1_40' title='bbox 638 636 770 702; x_wconf 71' lang='lat' dir='ltr'><strong>egisse</strong></span> <span class='ocrx_word' id='word_1_41' title='bbox 797 636 968 694; x_wconf 67' lang='lat' dir='ltr'><strong>ferturg.</strong></span> <span class='ocrx_word' id='word_1_42' title='bbox 999 651 1261 703; x_wconf 86' lang='lat' dir='ltr'><strong>partemque</strong></span> <span class='ocrx_word' id='word_1_43' title='bbox 1280 637 1457 703; x_wconf 84' lang='lat' dir='ltr'><strong>sangui·</strong></span> 
     </span>
     <span class='ocr_line' id='line_1_8' title="bbox 151 712 1459 775; baseline -0.001 -15"><span class='ocrx_word' id='word_1_44' title='bbox 151 712 222 762; x_wconf 84' lang='lat' dir='ltr'><strong>nis</strong></span> <span class='ocrx_word' id='word_1_45' title='bbox 254 729 307 760; x_wconf 91' lang='lat' dir='ltr'><strong>ac</strong></span> <span class='ocrx_word' id='word_1_46' title='bbox 337 712 469 760; x_wconf 83' lang='lat' dir='ltr'><strong>caedis</strong></span> <span class='ocrx_word' id='word_1_47' title='bbox 494 723 693 775; x_wconf 79' lang='lat' dir='ltr'><strong>paternae</strong></span> <span class='ocrx_word' id='word_1_48' title='bbox 722 723 915 759; x_wconf 87' lang='lat' dir='ltr'><strong>cruento</strong></span> <span class='ocrx_word' id='word_1_49' title='bbox 950 713 1196 773; x_wconf 84' lang='lat' dir='ltr'><strong>vehiculo,</strong></span> <span class='ocrx_word' id='word_1_50' title='bbox 1232 713 1459 760; x_wconf 87' lang='lat' dir='ltr'><strong>contami-</strong></span> 
     </span>
     <span class='ocr_line' id='line_1_9' title="bbox 153 785 1459 851; baseline -0.003 -15"><span class='ocrx_word' id='word_1_51' title='bbox 153 800 257 836; x_wconf 87' lang='lat' dir='ltr'><strong>nata</strong></span> <span class='ocrx_word' id='word_1_52' title='bbox 284 785 378 851; x_wconf 86' lang='lat' dir='ltr'><strong>ipsa</strong></span> <span class='ocrx_word' id='word_1_53' title='bbox 400 785 714 851; x_wconf 78' lang='lat' dir='ltr'><strong>respersaque,</strong></span> <span class='ocrx_word' id='word_1_54' title='bbox 746 786 892 833; x_wconf 76' lang='lat' dir='ltr'><strong>tuliss&#39;e</strong></span> <span class='ocrx_word' id='word_1_55' title='bbox 920 786 975 833; x_wconf 88' lang='lat' dir='ltr'><strong>ad</strong></span> <span class='ocrx_word' id='word_1_56' title='bbox 1005 800 1190 849; x_wconf 81' lang='lat' dir='ltr'><strong>penates</strong></span> <span class='ocrx_word' id='word_1_57' title='bbox 1220 786 1322 833; x_wconf 85' lang='lat' dir='ltr'><strong>suos</strong></span> <span class='ocrx_word' id='word_1_58' title='bbox 1345 785 1459 834; x_wconf 88' lang='lat' dir='ltr'><strong>viri-</strong></span> 
     </span>
     <span class='ocr_line' id='line_1_10' title="bbox 151 861 1459 928; baseline -0.002 -18"><span class='ocrx_word' id='word_1_59' title='bbox 151 880 241 928; x_wconf 89' lang='lat' dir='ltr'><strong>que</strong></span> <span class='ocrx_word' id='word_1_60' title='bbox 266 862 355 910; x_wconf 91' lang='lat' dir='ltr'><strong>sui:</strong></span> <span class='ocrx_word' id='word_1_61' title='bbox 388 862 552 927; x_wconf 85' lang='lat' dir='ltr'><strong>quibus</strong></span> <span class='ocrx_word' id='word_1_62' title='bbox 579 861 732 920; x_wconf 86' lang='lat' dir='ltr'><strong>iratis,</strong></span> <span class='ocrx_word' id='word_1_63' title='bbox 764 861 886 908; x_wconf 84' lang='lat' dir='ltr'><strong>malo</strong></span> <span class='ocrx_word' id='word_1_64' title='bbox 918 862 1045 926; x_wconf 86' lang='lat' dir='ltr'><strong>regni</strong></span> <span class='ocrx_word' id='word_1_65' title='bbox 1078 863 1309 926; x_wconf 85' lang='lat' dir='ltr'><strong>principio</strong></span> <span class='ocrx_word' id='word_1_66' title='bbox 1335 863 1459 909; x_wconf 77' lang='lat' dir='ltr'><strong>fimi-</strong></span> 
     </span>
     <span class='ocr_line' id='line_1_11' title="bbox 152 933 1460 998; baseline 0.001 -16"><span class='ocrx_word' id='word_1_67' title='bbox 152 934 217 982; x_wconf 83' lang='lat' dir='ltr'><strong>les</strong></span> <span class='ocrx_word' id='word_1_68' title='bbox 249 935 518 998; x_wconf 85' lang='lat' dir='ltr'><strong>propediem</strong></span> <span class='ocrx_word' id='word_1_69' title='bbox 554 933 699 982; x_wconf 73' lang='lat' dir='ltr'><strong>exitus</strong></span> <span class='ocrx_word' id='word_1_70' title='bbox 723 933 1028 998; x_wconf 82' lang='lat' dir='ltr'><strong>sequerentur.</strong></span> <span class='ocrx_word' id='word_1_71' title='bbox 1071 936 1257 984; x_wconf 84' lang='lat' dir='ltr'><strong>Servius</strong></span> <span class='ocrx_word' id='word_1_72' title='bbox 1278 936 1460 986; x_wconf 74' lang='lat' dir='ltr'><strong>Tullius</strong></span> 
     </span>
     <span class='ocr_line' id='line_1_12' title="bbox 153 1007 1462 1071; baseline 0.001 -17"><span class='ocrx_word' id='word_1_73' title='bbox 153 1007 364 1070; x_wconf 83' lang='lat' dir='ltr'><strong>regnavit</strong></span> <span class='ocrx_word' id='word_1_74' title='bbox 387 1023 534 1054; x_wconf 83' lang='lat' dir='ltr'><strong>annos</strong></span> <span class='ocrx_word' id='word_1_75' title='bbox 566 1017 766 1070; x_wconf 86' lang='lat' dir='ltr'><strong>quatuor</strong></span> <span class='ocrx_word' id='word_1_76' title='bbox 792 1008 841 1054; x_wconf 83' lang='lat'>&amp;</span> <span class='ocrx_word' id='word_1_77' title='bbox 861 1007 1157 1071; x_wconf 84' lang='lat' dir='ltr'><strong>quadraginta</strong></span> <span class='ocrx_word' id='word_1_78' title='bbox 1175 1046 1188 1067; x_wconf 85' lang='lat'>,</span> <span class='ocrx_word' id='word_1_79' title='bbox 1214 1009 1275 1056; x_wconf 88' lang='lat' dir='ltr'><strong>ita</strong></span> <span class='ocrx_word' id='word_1_80' title='bbox 1307 1021 1357 1055; x_wconf 87' lang='lat' dir='ltr'><strong>ut</strong></span> <span class='ocrx_word' id='word_1_81' title='bbox 1375 1008 1462 1055; x_wconf 80' lang='lat' dir='ltr'><strong>bo-</strong></span> 
     </span>
     <span class='ocr_line' id='line_1_13' title="bbox 152 1079 1463 1147; baseline 0 -18"><span class='ocrx_word' id='word_1_82' title='bbox 152 1098 218 1130; x_wconf 88' lang='lat' dir='ltr'><strong>no</strong></span> <span class='ocrx_word' id='word_1_83' title='bbox 260 1081 396 1128; x_wconf 87' lang='lat' dir='ltr'><strong>etiam</strong></span> <span class='ocrx_word' id='word_1_84' title='bbox 442 1080 775 1144; x_wconf 87' lang='lat' dir='ltr'><strong>moderatoque</strong></span> <span class='ocrx_word' id='word_1_85' title='bbox 821 1079 1078 1130; x_wconf 81' lang='lat' dir='ltr'><strong>succedenti</strong></span> <span class='ocrx_word' id='word_1_86' title='bbox 1122 1083 1218 1147; x_wconf 81' lang='lat' dir='ltr'><strong>regi</strong></span> <span class='ocrx_word' id='word_1_87' title='bbox 1265 1082 1463 1130; x_wconf 81' lang='lat' dir='ltr'><strong>difficilis</strong></span> 
     </span>
     <span class='ocr_line' id='line_1_14' title="bbox 154 1151 1462 1219; baseline 0.001 -17"><span class='ocrx_word' id='word_1_88' title='bbox 154 1154 388 1202; x_wconf 75' lang='lat' dir='ltr'><strong>aemulatio</strong></span> <span class='ocrx_word' id='word_1_89' title='bbox 411 1152 530 1200; x_wconf 85' lang='lat' dir='ltr'><strong>effet.</strong></span> <span class='ocrx_word' id='word_1_90' title='bbox 566 1151 782 1198; x_wconf 88' lang='lat' dir='ltr'><strong>Ceterum</strong></span> <span class='ocrx_word' id='word_1_91' title='bbox 803 1151 850 1198; x_wconf 91' lang='lat' dir='ltr'><strong>id</strong></span> <span class='ocrx_word' id='word_1_92' title='bbox 871 1169 1059 1217; x_wconf 85' lang='lat' dir='ltr'><strong>quoque</strong></span> <span class='ocrx_word' id='word_1_93' title='bbox 1086 1155 1140 1200; x_wconf 86' lang='lat' dir='ltr'><strong>ad</strong></span> <span class='ocrx_word' id='word_1_94' title='bbox 1161 1155 1352 1219; x_wconf 80' lang='lat' dir='ltr'><strong>gloriam</strong></span> <span class='ocrx_word' id='word_1_95' title='bbox 1385 1173 1462 1203; x_wconf 90' lang='lat' dir='ltr'><strong>ac-</strong></span> 
     </span>
    </p>
   </div>
   <div class='ocr_carea' id='block_1_3' title="bbox 151 1226 1466 1442">
    <p class='ocr_par' dir='ltr' id='par_1_3' title="bbox 151 1226 1466 1442">
     <span class='ocr_line' id='line_1_15' title="bbox 151 1226 1466 1294; baseline -0.001 -16"><span class='ocrx_word' id='word_1_96' title='bbox 151 1229 304 1288; x_wconf 85' lang='lat' dir='ltr'><strong>ceffit‚</strong></span> <span class='ocrx_word' id='word_1_97' title='bbox 335 1227 465 1292; x_wconf 87' lang='lat' dir='ltr'><strong>quod</strong></span> <span class='ocrx_word' id='word_1_98' title='bbox 493 1244 595 1288; x_wconf 84' lang='lat' dir='ltr'><strong>cum</strong></span> <span class='ocrx_word' id='word_1_99' title='bbox 626 1226 708 1273; x_wconf 85' lang='lat' dir='ltr'><strong>illo</strong></span> <span class='ocrx_word' id='word_1_100' title='bbox 740 1226 872 1274; x_wconf 76' lang='lat' dir='ltr'><strong>finiul</strong></span> <span class='ocrx_word' id='word_1_101' title='bbox 902 1227 1016 1292; x_wconf 79' lang='lat' dir='ltr'><strong>justa</strong></span> <span class='ocrx_word' id='word_1_102' title='bbox 1045 1246 1098 1275; x_wconf 93' lang='lat' dir='ltr'><strong>ac</strong></span> <span class='ocrx_word' id='word_1_103' title='bbox 1131 1230 1330 1293; x_wconf 82' lang='lat' dir='ltr'><strong>legitima</strong></span> <span class='ocrx_word' id='word_1_104' title='bbox 1363 1247 1466 1294; x_wconf 84' lang='lat' dir='ltr'><strong>reg-</strong></span> 
     </span>
     <span class='ocr_line' id='line_1_16' title="bbox 155 1299 1465 1364; baseline -0.002 -12"><span class='ocrx_word' id='word_1_105' title='bbox 155 1321 217 1352; x_wconf 84' lang='lat' dir='ltr'><strong>na</strong></span> <span class='ocrx_word' id='word_1_106' title='bbox 248 1302 533 1351; x_wconf 88' lang='lat' dir='ltr'><strong>occiderunt.</strong></span> <span class='ocrx_word' id='word_1_107' title='bbox 571 1300 620 1349; x_wconf 91' lang='lat' dir='ltr'><strong>Id</strong></span> <span class='ocrx_word' id='word_1_108' title='bbox 648 1299 797 1364; x_wconf 87' lang='lat' dir='ltr'><strong>ipsum</strong></span> <span class='ocrx_word' id='word_1_109' title='bbox 828 1313 921 1349; x_wconf 85' lang='lat' dir='ltr'><strong>tam</strong></span> <span class='ocrx_word' id='word_1_110' title='bbox 954 1302 1065 1349; x_wconf 90' lang='lat' dir='ltr'><strong>mite</strong></span> <span class='ocrx_word' id='word_1_111' title='bbox 1097 1320 1146 1351; x_wconf 90' lang='lat' dir='ltr'><strong>ac</strong></span> <span class='ocrx_word' id='word_1_112' title='bbox 1174 1316 1265 1350; x_wconf 88' lang='lat' dir='ltr'><strong>tam</strong></span> <span class='ocrx_word' id='word_1_113' title='bbox 1299 1303 1465 1350; x_wconf 87' lang='lat' dir='ltr'><strong>mode-</strong></span> 
     </span>
     <span class='ocr_line' id='line_1_17' title="bbox 155 1375 1466 1442; baseline -0.002 -16"><span class='ocrx_word' id='word_1_114' title='bbox 155 1390 307 1426; x_wconf 87' lang='lat' dir='ltr'><strong>ratum</strong></span> <span class='ocrx_word' id='word_1_115' title='bbox 338 1375 583 1442; x_wconf 89' lang='lat' dir='ltr'><strong>imperium</strong></span> <span class='ocrx_word' id='word_1_116' title='bbox 599 1411 616 1435; x_wconf 85' lang='lat'><strong><em>,</em></strong></span> <span class='ocrx_word' id='word_1_117' title='bbox 645 1386 797 1423; x_wconf 88' lang='lat' dir='ltr'><strong>tamen</strong></span> <span class='ocrx_word' id='word_1_118' title='bbox 817 1411 832 1435; x_wconf 85' lang='lat'>‚</span> <span class='ocrx_word' id='word_1_119' title='bbox 861 1375 968 1440; x_wconf 87' lang='lat' dir='ltr'><strong>quia</strong></span> <span class='ocrx_word' id='word_1_120' title='bbox 989 1375 1127 1423; x_wconf 88' lang='lat' dir='ltr'><strong>unius</strong></span> <span class='ocrx_word' id='word_1_121' title='bbox 1157 1377 1288 1436; x_wconf 83' lang='lat' dir='ltr'><strong>effet,</strong></span> <span class='ocrx_word' id='word_1_122' title='bbox 1317 1377 1466 1440; x_wconf 88' lang='lat' dir='ltr'><strong>depo-</strong></span> 
     </span>
    </p>
   </div>
   <div class='ocr_carea' id='block_1_4' title="bbox 155 1457 1476 2559">
    <p class='ocr_par' dir='ltr' id='par_1_4' title="bbox 155 1457 1468 1657">
     <span class='ocr_line' id='line_1_18' title="bbox 155 1457 1466 1522; baseline -0.003 -13"><span class='ocrx_word' id='word_1_123' title='bbox 155 1477 266 1509; x_wconf 85' lang='lat' dir='ltr'><strong>nere</strong></span> <span class='ocrx_word' id='word_1_124' title='bbox 291 1477 394 1507; x_wconf 87' lang='lat' dir='ltr'><strong>eum</strong></span> <span class='ocrx_word' id='word_1_125' title='bbox 413 1459 461 1506; x_wconf 88' lang='lat' dir='ltr'><strong>in</strong></span> <span class='ocrx_word' id='word_1_126' title='bbox 481 1458 637 1506; x_wconf 88' lang='lat' dir='ltr'><strong>animo</strong></span> <span class='ocrx_word' id='word_1_127' title='bbox 656 1457 882 1517; x_wconf 71' lang='lat' dir='ltr'><strong>habuisse,</strong></span> <span class='ocrx_word' id='word_1_128' title='bbox 910 1458 1094 1522; x_wconf 86' lang='lat' dir='ltr'><strong>quidam</strong></span> <span class='ocrx_word' id='word_1_129' title='bbox 1116 1460 1320 1506; x_wconf 62' lang='lat' dir='ltr'><strong>auctores</strong></span> <span class='ocrx_word' id='word_1_130' title='bbox 1339 1460 1466 1515; x_wconf 87' lang='lat' dir='ltr'><strong>sunt;</strong></span> 
     </span>
     <span class='ocr_line' id='line_1_19' title="bbox 157 1531 1468 1596; baseline 0 -15"><span class='ocrx_word' id='word_1_131' title='bbox 157 1535 209 1581; x_wconf 90' lang='lat' dir='ltr'><strong>ni</strong></span> <span class='ocrx_word' id='word_1_132' title='bbox 235 1533 377 1581; x_wconf 82' lang='lat' dir='ltr'><strong>scelus</strong></span> <span class='ocrx_word' id='word_1_133' title='bbox 397 1532 660 1581; x_wconf 87' lang='lat' dir='ltr'><strong>intestinum</strong></span> <span class='ocrx_word' id='word_1_134' title='bbox 691 1531 937 1581; x_wconf 85' lang='lat' dir='ltr'><strong>liberandae</strong></span> <span class='ocrx_word' id='word_1_135' title='bbox 964 1532 1126 1596; x_wconf 81' lang='lat' dir='ltr'><strong>patriae.</strong></span> <span class='ocrx_word' id='word_1_136' title='bbox 1159 1532 1347 1581; x_wconf 79' lang='lat' dir='ltr'><strong>consilia</strong></span> <span class='ocrx_word' id='word_1_137' title='bbox 1367 1531 1468 1596; x_wconf 55' lang='lat' dir='ltr'><strong>agi-z</strong></span> 
     </span>
     <span class='ocr_line' id='line_1_20' title="bbox 159 1608 624 1657; baseline -0.002 0"><span class='ocrx_word' id='word_1_138' title='bbox 159 1608 277 1657; x_wconf 84' lang='lat' dir='ltr'><strong>tanti</strong></span> <span class='ocrx_word' id='word_1_139' title='bbox 295 1608 624 1656; x_wconf 72' lang='lat' dir='ltr'><strong>intervenisset.</strong></span> 
     </span>
    </p>

    <p class='ocr_par' dir='ltr' id='par_1_5' title="bbox 160 1677 1476 2559">
     <span class='ocr_line' id='line_1_21' title="bbox 229 1677 1469 1746; baseline -0.002 -16"><span class='ocrx_word' id='word_1_140' title='bbox 229 1683 396 1730; x_wconf 80' lang='lat' dir='ltr'>XLIX.</span> <span class='ocrx_word' id='word_1_141' title='bbox 427 1682 535 1729; x_wconf 89' lang='lat' dir='ltr'><strong>Inde</strong></span> <span class='ocrx_word' id='word_1_142' title='bbox 562 1684 614 1729; x_wconf 90' lang='lat' dir='ltr'><strong>L.</strong></span> <span class='ocrx_word' id='word_1_143' title='bbox 629 1681 912 1745; x_wconf 77' lang='lat' dir='ltr'><strong>Tarquinius</strong></span> <span class='ocrx_word' id='word_1_144' title='bbox 940 1697 1127 1746; x_wconf 85' lang='lat' dir='ltr'><strong>regnare</strong></span> <span class='ocrx_word' id='word_1_145' title='bbox 1147 1680 1361 1744; x_wconf 85' lang='lat' dir='ltr'><strong>occepit,</strong></span> <span class='ocrx_word' id='word_1_146' title='bbox 1393 1677 1469 1728; x_wconf 80' lang='lat' dir='ltr'><strong>cui</strong></span> 
     </span>
     <span class='ocr_line' id='line_1_22' title="bbox 163 1753 1471 1820; baseline -0.002 -15"><span class='ocrx_word' id='word_1_147' title='bbox 163 1756 372 1820; x_wconf 88' lang='lat' dir='ltr'><strong>Superbo</strong></span> <span class='ocrx_word' id='word_1_148' title='bbox 394 1773 659 1820; x_wconf 84' lang='lat' dir='ltr'><strong>cognomen</strong></span> <span class='ocrx_word' id='word_1_149' title='bbox 678 1756 790 1803; x_wconf 58' lang='lat' dir='ltr'><strong>faita</strong></span> <span class='ocrx_word' id='word_1_150' title='bbox 809 1755 1102 1813; x_wconf 86' lang='lat' dir='ltr'><strong>indiderunt,</strong></span> <span class='ocrx_word' id='word_1_151' title='bbox 1132 1753 1471 1820; x_wconf 85' lang='lat' dir='ltr'><strong>quiasocerum</strong></span> 
     </span>
     <span class='ocr_line' id='line_1_23' title="bbox 163 1829 1469 1896; baseline -0.003 -18"><span class='ocrx_word' id='word_1_152' title='bbox 163 1847 305 1896; x_wconf 86' lang='lat' dir='ltr'><strong>gener</strong></span> <span class='ocrx_word' id='word_1_153' title='bbox 337 1829 563 1893; x_wconf 85' lang='lat' dir='ltr'><strong>sepultura</strong></span> <span class='ocrx_word' id='word_1_154' title='bbox 597 1829 867 1893; x_wconf 88' lang='lat' dir='ltr'><strong>prohibuit,</strong></span> <span class='ocrx_word' id='word_1_155' title='bbox 896 1833 1128 1876; x_wconf 83' lang='lat' dir='ltr'><strong>Romulum</strong></span> <span class='ocrx_word' id='word_1_156' title='bbox 1165 1849 1320 1892; x_wconf 82' lang='lat' dir='ltr'><strong>quoque</strong></span> <span class='ocrx_word' id='word_1_157' title='bbox 1355 1829 1469 1890; x_wconf 74' lang='lat' dir='ltr'><strong>infi-</strong></span> 
     </span>
     <span class='ocr_line' id='line_1_24' title="bbox 160 1900 1471 1968; baseline -0.002 -18"><span class='ocrx_word' id='word_1_158' title='bbox 160 1907 329 1968; x_wconf 74' lang='lat' dir='ltr'><strong>pultum</strong></span> <span class='ocrx_word' id='word_1_159' title='bbox 344 1900 488 1967; x_wconf 76' lang='lat' dir='ltr'><strong>periffe</strong></span> <span class='ocrx_word' id='word_1_160' title='bbox 515 1901 740 1949; x_wconf 59' lang='lat' dir='ltr'><strong>dictitans:</strong></span> <span class='ocrx_word' id='word_1_161' title='bbox 770 1901 993 1965; x_wconf 86' lang='lat' dir='ltr'><strong>primores</strong></span> <span class='ocrx_word' id='word_1_162' title='bbox 1013 1903 1218 1960; x_wconf 78' lang='lat' dir='ltr'><strong>patrum,</strong></span> <span class='ocrx_word' id='word_1_163' title='bbox 1238 1918 1356 1966; x_wconf 86' lang='lat' dir='ltr'><strong>quos</strong></span> <span class='ocrx_word' id='word_1_164' title='bbox 1370 1902 1471 1947; x_wconf 88' lang='lat' dir='ltr'><strong>Ser·</strong></span> 
     </span>
     <span class='ocr_line' id='line_1_25' title="bbox 166 1973 1471 2033; baseline -0.002 -11"><span class='ocrx_word' id='word_1_165' title='bbox 166 1976 239 2022; x_wconf 86' lang='lat' dir='ltr'><strong>vii</strong></span> <span class='ocrx_word' id='word_1_166' title='bbox 256 1976 389 2023; x_wconf 81' lang='lat' dir='ltr'><strong>rebus</strong></span> <span class='ocrx_word' id='word_1_167' title='bbox 407 1974 562 2024; x_wconf 83' lang='lat' dir='ltr'><strong>saviffe</strong></span> <span class='ocrx_word' id='word_1_168' title='bbox 580 1975 789 2022; x_wconf 89' lang='lat' dir='ltr'><strong>credebat</strong></span> <span class='ocrx_word' id='word_1_169' title='bbox 802 2012 817 2033; x_wconf 87' lang='lat'><em>‚</em></span> <span class='ocrx_word' id='word_1_170' title='bbox 836 1974 1088 2023; x_wconf 83' lang='lat' dir='ltr'><strong>interfecit:</strong></span> <span class='ocrx_word' id='word_1_171' title='bbox 1114 1974 1324 2023; x_wconf 88' lang='lat' dir='ltr'><strong>conscius</strong></span> <span class='ocrx_word' id='word_1_172' title='bbox 1342 1973 1471 2021; x_wconf 88' lang='lat' dir='ltr'><strong>dein-</strong></span> 
     </span>
     <span class='ocr_line' id='line_1_26' title="bbox 167 2048 1472 2114; baseline -0.002 -17"><span class='ocrx_word' id='word_1_173' title='bbox 167 2050 225 2097; x_wconf 88' lang='lat' dir='ltr'><strong>de</strong></span> <span class='ocrx_word' id='word_1_174' title='bbox 238 2087 250 2110; x_wconf 85' lang='lat'>,</span> <span class='ocrx_word' id='word_1_175' title='bbox 265 2050 379 2097; x_wconf 87' lang='lat' dir='ltr'><strong>male</strong></span> <span class='ocrx_word' id='word_1_176' title='bbox 394 2049 627 2114; x_wconf 82' lang='lat' dir='ltr'><strong>quaerendi</strong></span> <span class='ocrx_word' id='word_1_177' title='bbox 644 2049 771 2114; x_wconf 81' lang='lat' dir='ltr'><strong>regni</strong></span> <span class='ocrx_word' id='word_1_178' title='bbox 788 2050 845 2096; x_wconf 87' lang='lat' dir='ltr'><strong>ab</strong></span> <span class='ocrx_word' id='word_1_179' title='bbox 863 2049 1018 2113; x_wconf 89' lang='lat' dir='ltr'><strong>seipso</strong></span> <span class='ocrx_word' id='word_1_180' title='bbox 1036 2049 1248 2096; x_wconf 87' lang='lat' dir='ltr'><strong>adversus</strong></span> <span class='ocrx_word' id='word_1_181' title='bbox 1263 2048 1305 2095; x_wconf 88' lang='lat' dir='ltr'><strong>se</strong></span> <span class='ocrx_word' id='word_1_182' title='bbox 1320 2064 1472 2095; x_wconf 76' lang='lat' dir='ltr'><strong>exem-</strong></span> 
     </span>
     <span class='ocr_line' id='line_1_27' title="bbox 170 2121 1472 2191; baseline -0.003 -21"><span class='ocrx_word' id='word_1_183' title='bbox 170 2124 298 2191; x_wconf 87' lang='lat' dir='ltr'><strong>plum</strong></span> <span class='ocrx_word' id='word_1_184' title='bbox 325 2124 425 2186; x_wconf 87' lang='lat' dir='ltr'><strong>capi</strong></span> <span class='ocrx_word' id='word_1_185' title='bbox 455 2122 608 2186; x_wconf 76' lang='lat' dir='ltr'><strong>posse,</strong></span> <span class='ocrx_word' id='word_1_186' title='bbox 642 2124 819 2171; x_wconf 89' lang='lat' dir='ltr'><strong>armatis</strong></span> <span class='ocrx_word' id='word_1_187' title='bbox 841 2140 1008 2186; x_wconf 86' lang='lat' dir='ltr'><strong>corpus</strong></span> <span class='ocrx_word' id='word_1_188' title='bbox 1033 2121 1352 2184; x_wconf 80' lang='lat' dir='ltr'><strong>circumsepsit.</strong></span> <span class='ocrx_word' id='word_1_189' title='bbox 1387 2136 1472 2166; x_wconf 90' lang='lat' dir='ltr'><strong>ne·-</strong></span> 
     </span>
     <span class='ocr_line' id='line_1_28' title="bbox 171 2195 1474 2262; baseline -0.005 -17"><span class='ocrx_word' id='word_1_190' title='bbox 171 2214 261 2262; x_wconf 88' lang='lat' dir='ltr'><strong>que</strong></span> <span class='ocrx_word' id='word_1_191' title='bbox 282 2196 405 2244; x_wconf 87' lang='lat' dir='ltr'><strong>enim</strong></span> <span class='ocrx_word' id='word_1_192' title='bbox 426 2197 482 2244; x_wconf 89' lang='lat' dir='ltr'><strong>ad</strong></span> <span class='ocrx_word' id='word_1_193' title='bbox 500 2195 570 2258; x_wconf 76' lang='lat' dir='ltr'><strong>jus,</strong></span> <span class='ocrx_word' id='word_1_194' title='bbox 602 2197 728 2261; x_wconf 85' lang='lat' dir='ltr'><strong>regni</strong></span> <span class='ocrx_word' id='word_1_195' title='bbox 750 2197 996 2260; x_wconf 86' lang='lat' dir='ltr'><strong>quidquam</strong></span> <span class='ocrx_word' id='word_1_196' title='bbox 1023 2211 1187 2262; x_wconf 64' lang='lat' dir='ltr'><strong>praeter</strong></span> <span class='ocrx_word' id='word_1_197' title='bbox 1209 2196 1306 2243; x_wconf 89' lang='lat' dir='ltr'><strong>vim</strong></span> <span class='ocrx_word' id='word_1_198' title='bbox 1331 2195 1474 2240; x_wconf 87' lang='lat' dir='ltr'><strong>habe-</strong></span> 
     </span>
     <span class='ocr_line' id='line_1_29' title="bbox 171 2269 1474 2334; baseline -0.003 -14"><span class='ocrx_word' id='word_1_199' title='bbox 171 2271 281 2326; x_wconf 85' lang='lat' dir='ltr'><strong>bat;</strong></span> <span class='ocrx_word' id='word_1_200' title='bbox 310 2281 361 2317; x_wconf 91' lang='lat' dir='ltr'><strong>ut</strong></span> <span class='ocrx_word' id='word_1_201' title='bbox 392 2269 472 2334; x_wconf 87' lang='lat' dir='ltr'><strong>qui</strong></span> <span class='ocrx_word' id='word_1_202' title='bbox 505 2287 654 2333; x_wconf 84' lang='lat' dir='ltr'><strong>neque</strong></span> <span class='ocrx_word' id='word_1_203' title='bbox 684 2270 848 2334; x_wconf 88' lang='lat' dir='ltr'><strong>populi</strong></span> <span class='ocrx_word' id='word_1_204' title='bbox 873 2269 1019 2331; x_wconf 76' lang='lat' dir='ltr'><strong>jussu,</strong></span> <span class='ocrx_word' id='word_1_205' title='bbox 1044 2287 1190 2334; x_wconf 89' lang='lat' dir='ltr'><strong>neque</strong></span> <span class='ocrx_word' id='word_1_206' title='bbox 1215 2269 1474 2316; x_wconf 63' lang='lat' dir='ltr'><strong>auctoribus</strong></span> 
     </span>
     <span class='ocr_line' id='line_1_30' title="bbox 173 2340 1474 2406; baseline -0.001 -16"><span class='ocrx_word' id='word_1_207' title='bbox 173 2343 384 2390; x_wconf 87' lang='lat' dir='ltr'><strong>Patribus</strong></span> <span class='ocrx_word' id='word_1_208' title='bbox 410 2354 630 2406; x_wconf 83' lang='lat' dir='ltr'><strong>regnaret.</strong></span> <span class='ocrx_word' id='word_1_209' title='bbox 669 2345 738 2388; x_wconf 85' lang='lat' dir='ltr'><strong>Eo</strong></span> <span class='ocrx_word' id='word_1_210' title='bbox 764 2342 1005 2389; x_wconf 85' lang='lat' dir='ltr'><strong>accedebat</strong></span> <span class='ocrx_word' id='word_1_211' title='bbox 1021 2378 1034 2400; x_wconf 89' lang='lat'>‚</span> <span class='ocrx_word' id='word_1_212' title='bbox 1063 2358 1113 2389; x_wconf 87' lang='lat' dir='ltr'><strong>ut</strong></span> <span class='ocrx_word' id='word_1_213' title='bbox 1136 2343 1182 2388; x_wconf 94' lang='lat' dir='ltr'><strong>in</strong></span> <span class='ocrx_word' id='word_1_214' title='bbox 1209 2341 1390 2388; x_wconf 87' lang='lat' dir='ltr'><strong>caritate</strong></span> <span class='ocrx_word' id='word_1_215' title='bbox 1412 2340 1474 2389; x_wconf 73' lang='lat' dir='ltr'><strong>ci-</strong></span> 
     </span>
     <span class='ocr_line' id='line_1_31' title="bbox 178 2415 1475 2481; baseline -0.001 -17"><span class='ocrx_word' id='word_1_216' title='bbox 178 2417 310 2465; x_wconf 87' lang='lat' dir='ltr'><strong>vium</strong></span> <span class='ocrx_word' id='word_1_217' title='bbox 337 2416 455 2462; x_wconf 88' lang='lat' dir='ltr'><strong>nihil</strong></span> <span class='ocrx_word' id='word_1_218' title='bbox 475 2415 566 2480; x_wconf 92' lang='lat' dir='ltr'><strong>spei</strong></span> <span class='ocrx_word' id='word_1_219' title='bbox 587 2416 858 2479; x_wconf 87' lang='lat' dir='ltr'><strong>reponenti,</strong></span> <span class='ocrx_word' id='word_1_220' title='bbox 881 2428 1006 2462; x_wconf 87' lang='lat' dir='ltr'><strong>metu</strong></span> <span class='ocrx_word' id='word_1_221' title='bbox 1025 2433 1216 2481; x_wconf 80' lang='lat' dir='ltr'><strong>regnum</strong></span> <span class='ocrx_word' id='word_1_222' title='bbox 1236 2415 1475 2463; x_wconf 86' lang='lat' dir='ltr'><strong>tutandum</strong></span> 
     </span>
     <span class='ocr_line' id='line_1_32' title="bbox 183 2491 1476 2559; baseline -0.005 -16"><span class='ocrx_word' id='word_1_223' title='bbox 183 2492 316 2543; x_wconf 82' lang='lat' dir='ltr'><strong>effet:</strong></span> <span class='ocrx_word' id='word_1_224' title='bbox 347 2509 484 2559; x_wconf 88' lang='lat' dir='ltr'><strong>quem</strong></span> <span class='ocrx_word' id='word_1_225' title='bbox 512 2504 562 2541; x_wconf 89' lang='lat' dir='ltr'><strong>ut</strong></span> <span class='ocrx_word' id='word_1_226' title='bbox 580 2492 784 2557; x_wconf 80' lang='lat' dir='ltr'><strong>pluribus</strong></span> <span class='ocrx_word' id='word_1_227' title='bbox 813 2491 1067 2553; x_wconf 87' lang='lat' dir='ltr'><strong>incuteret,</strong></span> <span class='ocrx_word' id='word_1_228' title='bbox 1088 2491 1377 2558; x_wconf 82' lang='lat' dir='ltr'><strong>cognitiones</strong></span> <span class='ocrx_word' id='word_1_229' title='bbox 1399 2506 1476 2538; x_wconf 81' lang='lat' dir='ltr'><strong>ca-</strong></span> 
     </span>
    </p>
   </div>
  </div>
 </body>
</html>
