1582 2793
314 156 913 206 HISTORIARUM
954 160 1191 204 L113.11.
1310 173 1386 216 123

102 265 211 313 nexi
237 278 338 313 ante
364 282 548 325 omnes,
566 278 615 311 ut
635 265 807 328 signum
835 265 958 311 daret
978 301 990 323 ‚
1015 266 1266 312 clamabant
1283 301 1296 323 ‚
1317 282 1394 311 ex-

101 338 306 401 periendi
350 338 528 386 animos
568 339 762 387 militum
809 337 931 385 causa
972 355 1214 401 parumper
1245 356 1396 387 mora-

102 426 205 471 tus,
234 412 468 477 postquam
501 412 600 460 satis
632 412 873 477 apparebat
903 412 1060 476 ingens
1090 414 1250 471 ardor,
1287 413 1395 459 dato

101 487 280 533 tandem
300 485 352 532 ad
371 485 696 547 erumpendum
718 483 870 548 signo,
890 485 1078 530 militem
1104 485 1286 531 avidum
1309 503 1393 532 cer·

103 560 286 606 taminis
313 558 489 605 emittit.
525 558 677 604 Primo
710 556 855 604 statim
885 556 1065 604 incursu
1088 557 1198 623 pulsi
1222 557 1399 605 hostes:

103 631 403 697 fugientibus,
430 632 583 696 quoad
606 630 776 694 insequi
799 632 933 694 pedes
952 631 1102 695 potuit
1120 668 1133 691 ‚
1164 645 1284 695 terga
1308 649 1399 679 ca:-

101 707 175 757 sa:
209 723 345 770 eques
376 705 514 769 usque
543 707 599 753 ad
633 705 768 753 castra
801 705 994 768 pavidos
1026 706 1128 769 egit.
1167 722 1279 752 mox
1311 705 1401 767 ipsa

104 781 241 829 castra
260 817 273 838 ,
308 780 562 843 legionibus
594 779 881 826 circumdatis
902 815 915 837 ,
944 797 1046 826 cum
1070 779 1263 827 Volscos
1296 779 1400 825 inde

104 854 240 901 etiam
265 870 412 916 pavor
444 852 710 914 expulisset,
741 864 871 914 capta
900 851 1176 915 direptaque.
1213 851 1400 898 Postero

106 929 178 976 die
200 929 254 975 ad
272 927 466 974 Sueffam
488 927 736 983 Pometiam
753 963 766 982 ‚
792 942 886 990 quo
906 924 1206 990 confugerant
1223 925 1371 972 hostes
1385 961 1401 983 ,

103 1000 358 1065 legionibus
392 999 560 1055 ductis,
597 998 715 1044 intra
737 1014 906 1060 paucos
941 997 1035 1044 dies
1072 998 1292 1060 oppidum
1322 1015 1401 1044 ca-

105 1077 257 1140 pitur:
284 1085 464 1136 captum
496 1073 660 1136 praedae
695 1073 860 1120 datum.
898 1073 1001 1119 inde
1022 1072 1204 1134 paulum
1227 1073 1401 1118 recrea-

106 1164 180 1201 tus
211 1164 345 1212 egens
380 1146 523 1193 miles.
571 1146 743 1193 Consul
778 1164 878 1193 cum
917 1146 1113 1194 maxima
1148 1146 1292 1208 gloria
1326 1144 1402 1193 sua

107 1224 331 1270 vffiorem
361 1221 610 1267 exercitum
642 1221 839 1267 Romam
870 1220 1058 1268 reducit.
1104 1220 1399 1267 decedentem

106 1295 303 1341 Romam
333 1295 661 1339 Ecetranorum
683 1292 958 1340 Volscorum
978 1292 1134 1356 legati,
1158 1293 1290 1340 rebus
1316 1292 1402 1338 suis

108 1367 317 1414 timentes
350 1365 450 1428 post
477 1365 726 1412 Pometiam
767 1379 972 1428 captam,
1007 1365 1187 1413 adeunt.
1227 1365 1308 1412 His
1343 1381 1401 1411 ex

107 1437 496 1486 senatusconsulto
525 1439 625 1485 data
646 1457 762 1502 pax,
787 1456 890 1502 ager
916 1440 1129 1487 ademtus.

173 1513 346 1559 XXV1.
371 1510 622 1559 Confestim
645 1515 695 1560 &
715 1512 867 1559 Sabini
891 1513 1128 1559 Romanos
1162 1511 1404 1559 territave-

110 1601 172 1632 re.
207 1584 426 1631 tumultus
449 1585 569 1631 enim
593 1584 677 1632 fuit
699 1586 851 1632 verius
867 1621 879 1643 ‚
901 1602 1039 1648 quam
1068 1584 1250 1631 bellum.
1274 1585 1405 1631 Noc-

111 1676 154 1708 te
186 1660 233 1707 in
251 1660 362 1705 urbe
381 1659 639 1705 nuntiatum
668 1659 730 1705 est
745 1695 760 1718 ‚
787 1659 1036 1706 exercitum
1055 1658 1269 1704 Sabinum
1292 1674 1405 1720 prae-

112 1734 371 1782 dabundum
406 1733 463 1779 ad
487 1732 707 1779 Anienem
726 1749 903 1786 amnem
927 1730 1195 1796 pervenisse.
1230 1729 1294 1777 ibi
1314 1728 1410 1793 pas-

108 1807 187 1855 fim
209 1806 344 1868 diripi
365 1818 499 1870 atque
527 1804 710 1851 incendi
739 1805 885 1852 villas.
922 1804 1076 1851 Miffus
1097 1801 1328 1865 extemplo
1346 1816 1406 1847 eo

112 1897 219 1929 cum
252 1880 466 1928 omnibus
504 1879 650 1942 copiis
675 1871 884 1942 'equitum
913 1881 966 1925 A.
1000 1876 1253 1924 Postumius
1273 1912 1289 1934 ,
1325 1875 1408 1939 qui

112 1953 304 1999 ‹li-{lator
337 1951 460 1998 bello
493 1951 656 2001 Latino
696 1950 853 1999 fuerat.
907 1950 1079 1997 secutus
1113 1946 1272 1996 consul
1301 1948 1407 1994 Ser-

111 2027 253 2075 vilius
284 2042 388 2074 cum
419 2024 588 2072 delecta
622 2024 823 2088 peditum
863 2040 1013 2070 manu.
1049 2020 1291 2085 Plerosque
1322 2037 1406 2083 pa·-

115 2101 255 2148 lantes
284 2113 419 2161 eques
442 2097 760 2145 circumvenit.
802 2113 885 2146 nec
910 2096 1173 2144 advenienti
1201 2094 1405 2158 peditum

110 2171 282 2237 agmini
318 2171 477 2218 restitit
519 2172 683 2219 Sabina
715 2172 848 2237 legio.
895 2172 1033 2230 Feffi,
1068 2184 1165 2218 turn
1206 2169 1403 2224 itinere,

112 2258 209 2293 tum
229 2244 530 2308 populatione
552 2245 774 2295 nocturna
787 2282 800 2304 ‚
824 2262 985 2310 magna
1003 2261 1104 2309 pars
1123 2244 1170 2290 in
1193 2242 1316 2290 villis
1334 2255 1404 2285 re·

113 2318 223 2383 pleri
248 2318 353 2366 cibo
386 2318 620 2382 vinoque,
652 2319 734 2367 vix
766 2318 884 2383 fugae
905 2319 1032 2384 quod
1059 2317 1160 2364 satis
1193 2314 1296 2362 effet
1329 2311 1406 2360 vi-

111 2392 228 2438 tium
255 2390 461 2439 habuere.
499 2393 646 2440 Νοξὶε
673 2410 761 2440 una
782 2393 940 2440 audito
967 2391 1257 2455 perfectoque
1280 2384 1406 2432 bello

113 2463 280 2516 Sabino
298 2498 316 2527 ,
343 2463 526 2532 postero
558 2465 663 2530 die,
700 2465 749 2513 in
781 2481 945 2534 magna
976 2464 1064 2528 jam
1094 2460 1169 2527 spe
1199 2458 1404 2524 undique
