1582 2793
254 145 848 193 HISTORIARUM
894 149 1130 196 LlB.ll.
1292 167 1375 211 14¹

83 251 340 302 Romanam
374 254 472 302 esse.
501 252 710 315 Circejos
741 253 1001 317 profestus,
1023 258 1216 318 primum
1247 257 1383 305 colo-

80 344 167 375 nos
201 329 302 374 inde
335 328 572 373 Romanos
604 327 816 389 expulit,
853 327 1131 392 liberamque
1168 349 1265 378 eam
1302 350 1383 378 ur-

79 399 182 445 bem
204 398 379 444 Volscis
403 398 598 446 tradidit.
636 399 770 457 Inde,
802 400 847 446 in
869 401 1072 449 Latinam
1095 404 1215 450 viam
1244 404 1384 452 trans-

81 472 221 518 versis
253 472 508 520 tramitibus
546 472 863 536 transgressus,
900 476 1121 522 Satricum
1143 513 1155 535 ‚
1195 480 1383 543 Longu—

81 543 460 596 lam‚‚Poluscam
480 582 494 603 ‚
529 546 784 605 Coriolos,
813 549 1000 596 novella
1031 549 1127 596 haec
1163 549 1384 598 Romanis

81 617 261 680 oppida
280 618 459 665 ademit,
493 620 600 665 Inde
626 620 872 667 Lavinium
901 622 1103 685 recepit:
1130 635 1239 669 tunc
1260 625 1384 671 dein-

83 709 188 755 ceps
228 693 514 739 Corbionem
534 729 547 751 ‚
580 695 813 743 Vitelliam
831 734 845 756 ,
872 698 1085 745 Trebiam
1106 733 1120 756 ‚
1157 697 1354 744 Lavicos
1371 734 1385 753 ‚

82 768 252 813 Pedum
282 767 415 828 cepit.
447 767 728 815 Postremum
756 770 811 816 ad
841 770 1000 817 urbem
1021 788 1043 816 a
1066 771 1190 817 Pedo
1229 771 1384 826 ducit3

82 843 164 897 &‚
199 841 253 887 ad
281 839 412 886 foffas
430 841 622 888 Cluilias
654 841 857 906 quinque
888 844 944 891 ab
971 846 1082 891 urbe
1116 844 1256 892 millia
1289 844 1387 908 pas-

86 914 212 961 suum
248 914 399 962 castris
439 914 626 977 pofitis,
664 917 912 978 populatur
951 917 1055 964 inde
1093 936 1252 982 agrum
1290 920 1387 965 Ro-

85 1005 303 1043 manum;
337 987 601 1036 custodibus
632 989 747 1036 inter
774 990 1069 1052 populatores
1101 991 1237 1037 miffis
1259 1027 1275 1048 ‚
1305 992 1387 1054 qui

87 1064 389 1128 patriciorum
426 1079 558 1128 agros
594 1063 784 1110 intastos
819 1064 1079 1112 servarent:
1114 1064 1208 1111 five
1237 1064 1388 1112 insen-

87 1139 159 1186 sus
190 1139 309 1201 plebi
330 1137 494 1202 magis,
526 1138 620 1184 five
640 1152 688 1185 ut
716 1137 940 1185 discordia
958 1139 1064 1186 inde
1096 1139 1214 1185 inter
1235 1140 1386 1186 Patres

84 1214 356 1277 plebemque
379 1214 589 1260 oriretur.
619 1213 738 1272 Quae
760 1212 965 1274 profesto
988 1225 1089 1259 orta
1115 1213 1245 1268 effet3
1271 1215 1386 1261 adeo

85 1287 257 1339 tribuni
283 1286 370 1347 jam
399 1286 602 1333 ferocem
633 1303 712 1349 per
743 1286 784 1332 se
813 1287 994 1350 plebem
1019 1286 1305 1334 criminando
1340 1289 1389 1335 in

86 1361 313 1424 primores
336 1359 535 1407 civitatis
558 1359 840 1422 instigabant.
877 1358 949 1405 sed
982 1372 1197 1406 externus
1223 1360 1391 1419 timor,

86 1434 336 1482 maximum
372 1433 635 1481 concordiae
665 1432 939 1492 vinculum,
969 1433 1184 1496 quamvis
1215 1433 1389 1497 suspee-

87 1519 161 1555 tos
191 1507 482 1571 infensosque
515 1508 633 1554 inter
655 1507 696 1555 se
728 1507 943 1571 jungebat
978 1508 1172 1554 animos.
1214 1508 1263 1554 Id
1291 1525 1393 1555 mo-

88 1581 150 1628 do
187 1598 283 1628 non
333 1580 675 1636 conveniebat3
717 1580 844 1644 quod
884 1579 1060 1627 senatus
1099 1578 1393 1643 consulesque

89 1657 306 1720 nusquam
343 1657 451 1721 alibi
491 1657 649 1720 spem,
688 1674 824 1719 quam
854 1656 900 1701 in
935 1655 1101 1715 armis,
1132 1656 1394 1719 ponebant:

89 1733 242 1796 plebes
269 1734 452 1792 omnia,
476 1751 614 1797 quam
643 1732 810 1779 bellum
829 1768 843 1790 ,
870 1731 1079 1779 malebat.
1098 1733 1172 1794 Sp.
1200 1730 1394 1779 Nautius

89 1805 180 1868 jam
207 1809 257 1855 &
276 1809 376 1856 Sex.
404 1808 563 1855 Furius
596 1806 801 1854 consules
832 1819 972 1854 erant.
1016 1808 1138 1864 Eos,
1159 1805 1396 1852 recensen-

89 1894 158 1929 tes
191 1882 422 1945 legiones,
451 1882 655 1945 praesidia
685 1898 766 1943 per
794 1897 952 1927 muros
976 1880 1180 1943 aliaque,
1214 1880 1261 1926 in
1289 1879 1395 1943 qui-

92 1956 176 2002 bus
212 1955 426 2003 stationes
459 1955 727 2019 vigiliasque
764 1955 849 2001 effe
888 1954 1148 2017 placuerat,
1186 1952 1290 2000 loca
1325 1952 1397 1998 di-

91 2030 356 2077 stribuentes
379 2067 393 2088 ‚
428 2031 674 2077 multitudo
716 2030 874 2093 ingens
910 2045 1071 2092 pacem
1111 2026 1397 2091 poscentium

38 2110 45 2116 '
92 2103 290 2167 primum
318 2103 532 2150 seditioso
566 2104 767 2150 clamore
802 2102 1070 2150 conterruit.
1126 2101 1290 2148 deinde
1311 2118 1398 2148 vo-

96 2193 197 2223 care
229 2175 427 2222 senatum
451 2212 465 2233 ‚
501 2175 668 2222 referre
701 2177 755 2222 de
791 2174 948 2238 legatis
985 2173 1041 2222 ad
1081 2173 1137 2222 C.
1170 2174 1397 2221 Marcium

95 2247 326 2295 mittendis
369 2249 533 2312 coegit.
581 2250 872 2312 Acceperunt
907 2247 1180 2295 relationem
1214 2248 1398 2303 Patres,

98 2322 337 2386 postquam
371 2323 610 2386 apparuit,
651 2324 802 2370 labare
841 2323 985 2386 plebis
1015 2322 1223 2376 animos;
1257 2319 1398 2366 mitii-

99 2413 188 2460 que
226 2397 280 2442 de
315 2413 426 2459 pace
458 2400 514 2446 ad
545 2398 770 2446 Marcium
799 2410 1006 2445 oratores
1039 2411 1173 2443 atrox
1207 2393 1399 2454 respon-

99 2469 196 2520 sum
226 2471 506 2527 retuleruntz'
530 2477 581 2520 Si
611 2477 657 2520 V
655 2475 778 2537 offcis
803 2490 901 2535 ager
922 2474 1177 2526 redderetur,
1195 2467 1307 2533 poffi
1327 2470 1400 2529 agi
