1582 2793
216 149 274 195 32
569 132 1132 184 TITILIVI}

210 239 456 306 praeficere.
492 242 641 305 Atque
662 244 867 290 omnium
894 245 1116 307 primum,
1147 244 1201 292 ad
1230 245 1407 294 cursum
1433 247 1506 295 lu-

210 334 312 375 nae,
343 316 390 362 in
425 316 667 364 duodecim
698 317 869 365 menses
903 318 1112 366 describit
1141 337 1324 367 annum.
1367 338 1506 385 quem

212 391 349 457 (quia
368 391 568 461 tricenos
595 393 685 439 dies
712 393 892 456 singulis
924 395 1149 443 mensibus
1175 396 1281 443 luna
1308 413 1402 443 non
1423 415 1507 444 ex·-

211 466 340 530 plet,
373 465 621 529 desuntque
657 463 749 512 dies
783 466 931 512 solido
975 485 1098 515 anno
1120 505 1134 528 ,
1168 470 1248 532 qui
1287 470 1508 517 solstitiali

212 540 535 604 circumagitur
566 537 711 602 orbe)
748 539 1083 588 intercalaribus
1113 543 1335 589 mensibus
1371 543 1507 589 inter·

211 615 469 679 ponendis,
502 615 563 661 ita
591 613 863 677 dispensavit
881 649 893 670 ‚
922 628 973 661 ut
1003 627 1166 678 quarto
1202 619 1252 664 &
1280 617 1505 681 vigesimo

212 705 336 736 anno
360 689 416 735 ad
433 699 593 734 metam
615 688 799 734 eandem
819 687 936 734 Solis
953 724 966 745 ,
986 689 1104 735 unde
1125 689 1214 735 orsi
1231 690 1392 748 essent,
1410 687 1504 754 ple-

211 761 281 808 nis
299 776 522 807 annorum
539 760 746 806 omnium
767 760 915 823 spatiis
935 759 1026 807 dies
1045 772 1364 841 cong1·.uerent
1383 761 1506 807 Idem

211 833 411 881 nefastos
435 832 528 880 dies
558 831 783 912 fastosque
817 833 950 892 fecit,
983 834 1089 898 quia
1115 834 1360 899 aliquando
1389 833 1510 882 nihil

210 923 317 955 cum
347 905 525 968 populo
548 904 618 968 agi
637 905 746 952 utile
767 904 965 953 futurum
984 919 1093 954 erat.

276 981 388 1027 XX.
415 979 537 1025 Tum
572 978 879 1026 sacerdotibus
918 979 1120 1028 creandis
1152 979 1352 1029 animum
1381 979 1506 1044 adje-

211 1053 275 1102 cit
289 1090 302 1112 ,
324 1069 584 1116 quanquam
606 1051 698 1115 ipse
722 1053 917 1115 plurima
938 1053 1058 1102 sacra
1086 1055 1271 1116 obibat,
1292 1073 1342 1103 ea
1361 1056 1506 1104 maxi-

210 1143 309 1184 me,
337 1142 439 1188 quae
464 1141 587 1171 nunc
608 1124 663 1171 ad
677 1125 859 1172 Dialem
883 1126 1108 1174 flaminem
1131 1128 1371 1192 pertinent.
1390 1129 1505 1188 Sed,

210 1200 321 1263 quia
346 1198 394 1245 in
417 1198 603 1245 civitate
619 1198 834 1245 bellicosa
851 1199 1002 1262 plures
1022 1202 1236 1262 Romuli,
1257 1220 1391 1266 quam
1408 1205 1447 1249 N
1453 1221 1504 1250 u-

210 1291 297 1322 mae
313 1309 326 1332 ,
354 1272 516 1320 similes
538 1288 663 1336 reges
683 1273 872 1335 putabat
896 1273 995 1321 fore
1014 1311 1027 1332 ,
1047 1275 1278 1340 iturosque
1307 1276 1427 1340 ipsos
1448 1277 1506 1324 ad

210 1348 361 1402 bella;
390 1364 447 1394 ne
476 1346 595 1393 sacra
615 1345 751 1410 regiae
767 1346 885 1394 vicis
905 1347 1241 1408 desererentur,
1271 1348 1504 1398 flaminem

210 1423 317 1471 Jovi
344 1421 556 1468 affiduum
588 1419 861 1467 sacerdotem
888 1422 1090 1482 creavit,
1116 1421 1372 1488 insignique
1397 1441 1503 1473 eum

211 1496 333 1546 veste
358 1497 406 1543 δέ
429 1493 575 1542 curuli
595 1493 713 1557 regia
732 1493 834 1542 sella
853 1495 1113 1543 adornavit.
1147 1495 1254 1543 huic
1278 1497 1394 1545 duos
1425 1498 1506 1545 fla-

211 1572 356 1618 mines
382 1569 566 1631 adjecit:
594 1568 730 1615 Marti
748 1586 888 1616 unum
908 1605 921 1628 ,
939 1570 1128 1618 alterum
1151 1569 1370 1631 Quirino.
1400 1573 1505 1620 Vir-

207 1643 421 1709 ginesque
439 1641 585 1689 Vestae
612 1641 718 1705 legit
733 1678 747 1701 ,
775 1643 887 1689 Alba
910 1645 1156 1690 oriundum
1175 1644 1505 1706 sacerdotium,

211 1722 264 1767 &
295 1718 417 1783 genti
445 1717 698 1765 conditoris
731 1718 849 1764 haud
877 1718 1088 1765 alienum.
1116 1718 1212 1778 his,
1248 1731 1300 1765 ut
1328 1720 1507 1768 affiduae

210 1792 371 1856 templi
399 1791 612 1838 antistites
632 1791 798 1849 efl'ent,
833 1790 1104 1854 stipendium
1130 1790 1186 1838 de
1211 1791 1399 1854 publico
1419 1792 1504 1839 sta-

211 1869 325 1915 tuit:
356 1867 618 1931 virginitate
639 1866 821 1930 aliisque
841 1867 1115 1914 caerimoniis
1142 1865 1422 1914 venerabiles
1451 1884 1505 1915 ac

210 1944 376 1990 sanetas
395 1943 516 1991 fecit.
549 1943 692 1991 Salios
725 1943 832 1988 item
862 1943 1104 1990 duodecim
1125 1941 1262 1989 Marti
1293 1942 1505 1990 Gradivo

210 2017 347 2082 legit,
382 2019 640 2083 tunicaeque
666 2018 793 2082 piClae
821 2018 990 2081 insigne
1020 2018 1173 2077 dedit,
1199 2020 1249 2066 &
1277 2017 1407 2082 super
1431 2033 1506 2065 tu·

210 2093 360 2139 nicam
383 2108 558 2138 aeneum
589 2090 763 2155 pectori
783 2102 991 2154 tegumen
1012 2108 1024 2137 ε
1052 2089 1340 2154 coelestiaque
1358 2107 1504 2150 arma,

211 2182 314 2229 quae
345 2165 507 2212 ancilia
538 2165 849 2228 appellantur,
883 2164 1028 2223 ferre,
1057 2181 1110 2212 ac
1139 2180 1219 2227 per
1252 2164 1411 2210 urbem
1438 2165 1506 2212 ire

213 2251 426 2288 canentes
446 2240 645 2286 carmina
682 2255 785 2286 cum
820 2238 1026 2300 tripudiis
1054 2237 1354 2301 sollemnique
1375 2237 1504 2286 salta-

212 2324 263 2359 tu
284 2311 413 2371 juffit.
440 2310 706 2358 Pontificem
727 2312 887 2358 deinde
903 2313 1098 2358 Numam
1115 2310 1361 2370 Marcium,
1382 2313 1506 2359 Mar-

214 2385 257 2432 ci
274 2383 417 2432 filium
437 2421 451 2445 ,
483 2402 537 2431 ex
555 2384 762 2432 Patribus
785 2383 892 2448 legit
910 2421 925 2441 ‚
954 2386 1085 2448 eique
1110 2384 1229 2431 sacra
1250 2384 1403 2430 omnia
1425 2402 1504 2431 ex-

217 2459 381 2522 scripta
411 2458 722 2523 exsignataque
751 2457 983 2517 attribuit3
1013 2458 1178 2524 quibus
1200 2457 1384 2519 hostiis,
1403 2457 1505 2522 qui-
