<?xml version="1.0" encoding="UTF-8"?>
<!DOCTYPE html PUBLIC "-//W3C//DTD XHTML 1.0 Transitional//EN"
    "http://www.w3.org/TR/xhtml1/DTD/xhtml1-transitional.dtd">
<html xmlns="http://www.w3.org/1999/xhtml" xml:lang="en" lang="en">
 <head>
  <title>
</title>
<meta http-equiv="Content-Type" content="text/html;charset=utf-8" />
  <meta name='ocr-system' content='tesseract 3.04.00' />
  <meta name='ocr-capabilities' content='ocr_page ocr_carea ocr_par ocr_line ocrx_word'/>
</head>
<body>
  <div class='ocr_page' id='page_1' title='image "./historiarumlibri01livyuoft_0417.png"; bbox 0 0 1582 2793; ppageno 0'>
   <div class='ocr_carea' id='block_1_1' title="bbox 276 198 1440 272">
    <p class='ocr_par' dir='ltr' id='par_1_1' title="bbox 276 198 1440 272">
     <span class='ocr_line' id='line_1_1' title="bbox 276 198 1440 272; baseline -0.004 -15"><span class='ocrx_word' id='word_1_1' title='bbox 276 209 902 258; x_wconf 78' lang='lat' dir='ltr'><strong>HISTORIARUM</strong></span> <span class='ocrx_word' id='word_1_2' title='bbox 945 198 1214 256; x_wconf 76' lang='lat' dir='ltr'>L1&#39;13.111.</span> <span class='ocrx_word' id='word_1_3' title='bbox 1351 220 1440 272; x_wconf 61' lang='grc' dir='ltr'><strong>ψ</strong></span> 
     </span>
    </p>
   </div>
   <div class='ocr_carea' id='block_1_2' title="bbox 1426 243 1440 266">
    <p class='ocr_par' dir='ltr' id='par_1_2' title="bbox 1426 243 1440 266">
     <span class='ocr_line' id='line_1_2' title="bbox 1426 243 1440 266; baseline 0 0"><span class='ocrx_word' id='word_1_4' title='bbox 1426 243 1440 266; x_wconf 60' lang='lat' dir='ltr'><strong>b</strong></span> 
     </span>
    </p>
   </div>
   <div class='ocr_carea' id='block_1_3' title="bbox 140 316 1532 2591">
    <p class='ocr_par' dir='ltr' id='par_1_3' title="bbox 140 316 1532 2591">
     <span class='ocr_line' id='line_1_3' title="bbox 141 316 1446 378; baseline -0.002 -12"><span class='ocrx_word' id='word_1_5' title='bbox 141 318 326 368; x_wconf 56' lang='lat' dir='ltr'>libertas</span> <span class='ocrx_word' id='word_1_6' title='bbox 350 319 585 367; x_wconf 81' lang='lat' dir='ltr'>videretur</span> <span class='ocrx_word' id='word_1_7' title='bbox 608 354 622 376; x_wconf 91' lang='lat'>,</span> <span class='ocrx_word' id='word_1_8' title='bbox 654 316 699 362; x_wconf 84' lang='lat' dir='ltr'>in</span> <span class='ocrx_word' id='word_1_9' title='bbox 722 334 946 364; x_wconf 76' lang='lat' dir='ltr'>carcerem</span> <span class='ocrx_word' id='word_1_10' title='bbox 980 318 1041 363; x_wconf 89' lang='lat' dir='ltr'>est</span> <span class='ocrx_word' id='word_1_11' title='bbox 1073 316 1320 378; x_wconf 62' lang='lat' dir='ltr'>conjefflus.</span> <span class='ocrx_word' id='word_1_12' title='bbox 1362 316 1446 363; x_wconf 79' lang='lat' dir='ltr'>tri-</span> 
     </span>
     <span class='ocr_line' id='line_1_4' title="bbox 141 388 1447 454; baseline -0.002 -14"><span class='ocrx_word' id='word_1_13' title='bbox 141 393 294 441; x_wconf 86' lang='lat' dir='ltr'>bunus</span> <span class='ocrx_word' id='word_1_14' title='bbox 327 392 368 439; x_wconf 91' lang='lat' dir='ltr'>ei</span> <span class='ocrx_word' id='word_1_15' title='bbox 403 391 522 438; x_wconf 88' lang='lat' dir='ltr'>diem</span> <span class='ocrx_word' id='word_1_16' title='bbox 552 390 772 454; x_wconf 82' lang='lat' dir='ltr'>prodixit.</span> <span class='ocrx_word' id='word_1_17' title='bbox 813 393 933 436; x_wconf 86' lang='lat' dir='ltr'>Inter</span> <span class='ocrx_word' id='word_1_18' title='bbox 972 391 1068 436; x_wconf 60' lang='lat' dir='ltr'>hacc</span> <span class='ocrx_word' id='word_1_19' title='bbox 1106 389 1160 436; x_wconf 85' lang='lat' dir='ltr'>ab</span> <span class='ocrx_word' id='word_1_20' title='bbox 1196 388 1366 436; x_wconf 78' lang='lat' dir='ltr'>Latinis</span> <span class='ocrx_word' id='word_1_21' title='bbox 1397 391 1447 437; x_wconf 68' lang='grc' dir='ltr'>δε</span> 
     </span>
     <span class='ocr_line' id='line_1_5' title="bbox 142 463 1444 528; baseline -0.003 -17"><span class='ocrx_word' id='word_1_22' title='bbox 142 464 354 512; x_wconf 83' lang='lat' dir='ltr'><strong>Hernicis</strong></span> <span class='ocrx_word' id='word_1_23' title='bbox 372 463 506 527; x_wconf 84' lang='lat' dir='ltr'>legati</span> <span class='ocrx_word' id='word_1_24' title='bbox 535 463 807 528; x_wconf 78' lang='lat' dir='ltr'>gratulatum</span> <span class='ocrx_word' id='word_1_25' title='bbox 834 463 888 509; x_wconf 92' lang='lat' dir='ltr'>de</span> <span class='ocrx_word' id='word_1_26' title='bbox 914 463 1166 509; x_wconf 78' lang='lat' dir='ltr'>concordia</span> <span class='ocrx_word' id='word_1_27' title='bbox 1189 464 1374 509; x_wconf 85' lang='lat' dir='ltr'>Patrum</span> <span class='ocrx_word' id='word_1_28' title='bbox 1393 479 1444 508; x_wconf 83' lang='lat' dir='ltr'>ac</span> 
     </span>
     <span class='ocr_line' id='line_1_6' title="bbox 140 535 1449 602; baseline -0.003 -17"><span class='ocrx_word' id='word_1_29' title='bbox 140 537 285 602; x_wconf 88' lang='lat' dir='ltr'>plebis</span> <span class='ocrx_word' id='word_1_30' title='bbox 321 538 518 584; x_wconf 88' lang='lat' dir='ltr'>Romam</span> <span class='ocrx_word' id='word_1_31' title='bbox 539 551 795 591; x_wconf 74' lang='lat' dir='ltr'>veneruntz,</span> <span class='ocrx_word' id='word_1_32' title='bbox 835 539 1099 600; x_wconf 86' lang='lat' dir='ltr'>donumque</span> <span class='ocrx_word' id='word_1_33' title='bbox 1126 537 1187 581; x_wconf 83' lang='lat' dir='ltr'>ol)</span> <span class='ocrx_word' id='word_1_34' title='bbox 1211 553 1308 582; x_wconf 88' lang='lat' dir='ltr'>eam</span> <span class='ocrx_word' id='word_1_35' title='bbox 1339 535 1449 584; x_wconf 84' lang='lat' dir='ltr'>Jovi</span> 
     </span>
     <span class='ocr_line' id='line_1_7' title="bbox 142 611 1450 677; baseline -0.002 -18"><span class='ocrx_word' id='word_1_36' title='bbox 142 613 324 677; x_wconf 90' lang='lat' dir='ltr'>optimo</span> <span class='ocrx_word' id='word_1_37' title='bbox 357 613 561 660; x_wconf 76' lang='lat' dir='ltr'>maximo</span> <span class='ocrx_word' id='word_1_38' title='bbox 603 630 826 660; x_wconf 85' lang='lat' dir='ltr'>coronam</span> <span class='ocrx_word' id='word_1_39' title='bbox 867 629 1048 659; x_wconf 87' lang='lat' dir='ltr'>auream</span> <span class='ocrx_word' id='word_1_40' title='bbox 1082 611 1129 657; x_wconf 85' lang='lat' dir='ltr'>in</span> <span class='ocrx_word' id='word_1_41' title='bbox 1161 611 1450 673; x_wconf 72' lang='lat' dir='ltr'>Capitolium</span> 
     </span>
     <span class='ocr_line' id='line_1_8' title="bbox 142 685 1450 750; baseline 0 -17"><span class='ocrx_word' id='word_1_42' title='bbox 142 687 289 734; x_wconf 84' lang='lat' dir='ltr'>tulere</span> <span class='ocrx_word' id='word_1_43' title='bbox 324 685 456 750; x_wconf 84' lang='lat' dir='ltr'>parvi</span> <span class='ocrx_word' id='word_1_44' title='bbox 491 685 710 750; x_wconf 87' lang='lat' dir='ltr'>ponderis</span> <span class='ocrx_word' id='word_1_45' title='bbox 733 721 747 743; x_wconf 92' lang='lat'>,</span> <span class='ocrx_word' id='word_1_46' title='bbox 785 697 923 748; x_wconf 85' lang='lat' dir='ltr'>prout</span> <span class='ocrx_word' id='word_1_47' title='bbox 957 701 1027 731; x_wconf 86' lang='lat' dir='ltr'>res</span> <span class='ocrx_word' id='word_1_48' title='bbox 1062 686 1181 731; x_wconf 82' lang='lat' dir='ltr'>haud</span> <span class='ocrx_word' id='word_1_49' title='bbox 1217 687 1450 748; x_wconf 51' lang='lat' dir='ltr'>opulentat</span> 
     </span>
     <span class='ocr_line' id='line_1_9' title="bbox 144 758 1454 823; baseline -0.002 -16"><span class='ocrx_word' id='word_1_50' title='bbox 144 773 302 817; x_wconf 85' lang='lat' dir='ltr'>erant,</span> <span class='ocrx_word' id='word_1_51' title='bbox 337 760 699 822; x_wconf 84' lang='lat' dir='ltr'>colebanturque</span> <span class='ocrx_word' id='word_1_52' title='bbox 728 759 972 822; x_wconf 80' lang='lat' dir='ltr'>religiones</span> <span class='ocrx_word' id='word_1_53' title='bbox 1006 758 1080 821; x_wconf 88' lang='lat' dir='ltr'>pie</span> <span class='ocrx_word' id='word_1_54' title='bbox 1110 759 1281 823; x_wconf 61' lang='lat' dir='ltr'>magis‘,</span> <span class='ocrx_word' id='word_1_55' title='bbox 1317 778 1454 823; x_wconf 73' lang='lat' dir='ltr'>quam</span> 
     </span>
     <span class='ocr_line' id='line_1_10' title="bbox 143 831 1452 897; baseline -0.003 -17"><span class='ocrx_word' id='word_1_56' title='bbox 143 831 397 897; x_wconf 81' lang='lat' dir='ltr'>magnifice.</span> <span class='ocrx_word' id='word_1_57' title='bbox 427 832 585 880; x_wconf 87' lang='lat' dir='ltr'>Iisdem</span> <span class='ocrx_word' id='word_1_58' title='bbox 611 831 873 878; x_wconf 60' lang='lat' dir='ltr'>aucloribus</span> <span class='ocrx_word' id='word_1_59' title='bbox 904 831 1140 894; x_wconf 77' lang='lat' dir='ltr'>cognitum</span> <span class='ocrx_word' id='word_1_60' title='bbox 1162 832 1250 890; x_wconf 82' lang='lat' dir='ltr'>est,</span> <span class='ocrx_word' id='word_1_61' title='bbox 1270 834 1452 895; x_wconf 80' lang='lat' dir='ltr'>AEquos</span> 
     </span>
     <span class='ocr_line' id='line_1_11' title="bbox 144 904 1454 971; baseline -0.002 -17"><span class='ocrx_word' id='word_1_62' title='bbox 144 907 429 971; x_wconf 87' lang='lat' dir='ltr'>Volscosque</span> <span class='ocrx_word' id='word_1_63' title='bbox 451 907 623 954; x_wconf 81' lang='lat' dir='ltr'>summa</span> <span class='ocrx_word' id='word_1_64' title='bbox 649 905 700 951; x_wconf 89' lang='lat' dir='ltr'>vi</span> <span class='ocrx_word' id='word_1_65' title='bbox 726 904 895 952; x_wconf 83' lang='lat' dir='ltr'>bellum</span> <span class='ocrx_word' id='word_1_66' title='bbox 917 921 1145 967; x_wconf 77' lang='lat' dir='ltr'>apparare.</span> <span class='ocrx_word' id='word_1_67' title='bbox 1176 908 1330 969; x_wconf 87' lang='lat' dir='ltr'>Itaque</span> <span class='ocrx_word' id='word_1_68' title='bbox 1350 924 1454 970; x_wconf 86' lang='lat' dir='ltr'>par-</span> 
     </span>
     <span class='ocr_line' id='line_1_12' title="bbox 144 978 1458 1045; baseline -0.002 -16"><span class='ocrx_word' id='word_1_69' title='bbox 144 982 222 1029; x_wconf 81' lang='lat' dir='ltr'>tiri</span> <span class='ocrx_word' id='word_1_70' title='bbox 244 981 512 1045; x_wconf 82' lang='lat' dir='ltr'>provincias</span> <span class='ocrx_word' id='word_1_71' title='bbox 543 979 754 1030; x_wconf 83' lang='lat' dir='ltr'>consules</span> <span class='ocrx_word' id='word_1_72' title='bbox 789 978 898 1038; x_wconf 73' lang='lat' dir='ltr'>jufii.</span> <span class='ocrx_word' id='word_1_73' title='bbox 936 979 1135 1025; x_wconf 80' lang='lat' dir='ltr'>Horatio</span> <span class='ocrx_word' id='word_1_74' title='bbox 1158 980 1344 1039; x_wconf 81' lang='lat' dir='ltr'>Sabini,</span> <span class='ocrx_word' id='word_1_75' title='bbox 1365 983 1458 1027; x_wconf 79' lang='lat' dir='ltr'>Va·</span> 
     </span>
     <span class='ocr_line' id='line_1_13' title="bbox 148 1053 1458 1119; baseline 0 -17"><span class='ocrx_word' id='word_1_76' title='bbox 148 1056 266 1102; x_wconf 91' lang='lat' dir='ltr'>lerio</span> <span class='ocrx_word' id='word_1_77' title='bbox 299 1055 438 1119; x_wconf 85' lang='lat' dir='ltr'>AEqui</span> <span class='ocrx_word' id='word_1_78' title='bbox 473 1053 725 1117; x_wconf 87' lang='lat' dir='ltr'>Volscique</span> <span class='ocrx_word' id='word_1_79' title='bbox 766 1068 978 1099; x_wconf 85' lang='lat' dir='ltr'>evenere.</span> <span class='ocrx_word' id='word_1_80' title='bbox 1015 1054 1134 1099; x_wconf 88' lang='lat' dir='ltr'>Cum</span> <span class='ocrx_word' id='word_1_81' title='bbox 1167 1055 1224 1100; x_wconf 89' lang='lat' dir='ltr'>ad</span> <span class='ocrx_word' id='word_1_82' title='bbox 1260 1072 1309 1101; x_wconf 86' lang='lat' dir='ltr'>ea</span> <span class='ocrx_word' id='word_1_83' title='bbox 1342 1056 1458 1102; x_wconf 79' lang='lat' dir='ltr'>bella</span> 
     </span>
     <span class='ocr_line' id='line_1_14' title="bbox 148 1125 1460 1188; baseline 0 -13"><span class='ocrx_word' id='word_1_84' title='bbox 148 1129 369 1175; x_wconf 62' lang='lat' dir='ltr'>delectum</span> <span class='ocrx_word' id='word_1_85' title='bbox 387 1127 626 1174; x_wconf 77' lang='lat' dir='ltr'>edixissent</span> <span class='ocrx_word' id='word_1_86' title='bbox 639 1163 653 1186; x_wconf 95' lang='lat'>,</span> <span class='ocrx_word' id='word_1_87' title='bbox 671 1125 836 1173; x_wconf 84' lang='lat' dir='ltr'>favore</span> <span class='ocrx_word' id='word_1_88' title='bbox 855 1125 999 1187; x_wconf 84' lang='lat' dir='ltr'>plebis</span> <span class='ocrx_word' id='word_1_89' title='bbox 1017 1142 1112 1172; x_wconf 87' lang='lat' dir='ltr'>non</span> <span class='ocrx_word' id='word_1_90' title='bbox 1133 1125 1337 1188; x_wconf 80' lang='lat' dir='ltr'>juniores</span> <span class='ocrx_word' id='word_1_91' title='bbox 1357 1147 1460 1175; x_wconf 78' lang='lat' dir='ltr'>mo-</span> 
     </span>
     <span class='ocr_line' id='line_1_15' title="bbox 149 1199 1459 1266; baseline 0 -16"><span class='ocrx_word' id='word_1_92' title='bbox 149 1204 243 1261; x_wconf 84' lang='lat' dir='ltr'>do,</span> <span class='ocrx_word' id='word_1_93' title='bbox 275 1202 349 1248; x_wconf 90' lang='lat' dir='ltr'>sed</span> <span class='ocrx_word' id='word_1_94' title='bbox 369 1200 567 1248; x_wconf 88' lang='lat' dir='ltr'>emeritis</span> <span class='ocrx_word' id='word_1_95' title='bbox 599 1199 734 1248; x_wconf 79' lang='lat' dir='ltr'>etiam</span> <span class='ocrx_word' id='word_1_96' title='bbox 766 1199 1026 1262; x_wconf 80' lang='lat' dir='ltr'>stipendiis,</span> <span class='ocrx_word' id='word_1_97' title='bbox 1052 1217 1151 1261; x_wconf 80' lang='lat' dir='ltr'>pars</span> <span class='ocrx_word' id='word_1_98' title='bbox 1183 1219 1343 1266; x_wconf 81' lang='lat' dir='ltr'>magna</span> <span class='ocrx_word' id='word_1_99' title='bbox 1371 1220 1459 1250; x_wconf 77' lang='lat' dir='ltr'>vo·</span> 
     </span>
     <span class='ocr_line' id='line_1_16' title="bbox 148 1272 1462 1340; baseline 0 -17"><span class='ocrx_word' id='word_1_100' title='bbox 148 1275 481 1333; x_wconf 87' lang='lat' dir='ltr'>luntariorum,</span> <span class='ocrx_word' id='word_1_101' title='bbox 502 1273 558 1320; x_wconf 86' lang='lat' dir='ltr'>ad</span> <span class='ocrx_word' id='word_1_102' title='bbox 577 1273 764 1320; x_wconf 78' lang='lat' dir='ltr'>nomina</span> <span class='ocrx_word' id='word_1_103' title='bbox 786 1272 930 1318; x_wconf 82' lang='lat' dir='ltr'>danda</span> <span class='ocrx_word' id='word_1_104' title='bbox 950 1272 1115 1335; x_wconf 82' lang='lat' dir='ltr'>praesto</span> <span class='ocrx_word' id='word_1_105' title='bbox 1135 1272 1277 1321; x_wconf 89' lang='lat' dir='ltr'>fuere.</span> <span class='ocrx_word' id='word_1_106' title='bbox 1309 1292 1462 1340; x_wconf 86' lang='lat' dir='ltr'>eoque</span> 
     </span>
     <span class='ocr_line' id='line_1_17' title="bbox 150 1345 1462 1412; baseline -0.001 -15"><span class='ocrx_word' id='word_1_107' title='bbox 150 1367 251 1397; x_wconf 86' lang='lat' dir='ltr'>non</span> <span class='ocrx_word' id='word_1_108' title='bbox 283 1347 419 1412; x_wconf 88' lang='lat' dir='ltr'>copia</span> <span class='ocrx_word' id='word_1_109' title='bbox 438 1346 616 1404; x_wconf 88' lang='lat' dir='ltr'>modo,</span> <span class='ocrx_word' id='word_1_110' title='bbox 650 1345 724 1392; x_wconf 89' lang='lat' dir='ltr'>sed</span> <span class='ocrx_word' id='word_1_111' title='bbox 753 1362 917 1408; x_wconf 83' lang='lat' dir='ltr'>genere</span> <span class='ocrx_word' id='word_1_112' title='bbox 946 1345 1081 1392; x_wconf 87' lang='lat' dir='ltr'>etiam</span> <span class='ocrx_word' id='word_1_113' title='bbox 1116 1346 1313 1394; x_wconf 82' lang='lat' dir='ltr'>militum</span> <span class='ocrx_word' id='word_1_114' title='bbox 1332 1385 1344 1403; x_wconf 95' lang='lat'><em>‚</em></span> <span class='ocrx_word' id='word_1_115' title='bbox 1376 1366 1462 1396; x_wconf 83' lang='lat' dir='ltr'>ve-</span> 
     </span>
     <span class='ocr_line' id='line_1_18' title="bbox 151 1417 1463 1485; baseline -0.003 -14"><span class='ocrx_word' id='word_1_116' title='bbox 151 1422 320 1472; x_wconf 84' lang='lat' dir='ltr'>teranis</span> <span class='ocrx_word' id='word_1_117' title='bbox 341 1419 580 1479; x_wconf 82' lang='lat' dir='ltr'>admixtis,</span> <span class='ocrx_word' id='word_1_118' title='bbox 605 1417 781 1466; x_wconf 83' lang='lat' dir='ltr'>firmior</span> <span class='ocrx_word' id='word_1_119' title='bbox 801 1419 1028 1466; x_wconf 77' lang='lat' dir='ltr'>exercitus</span> <span class='ocrx_word' id='word_1_120' title='bbox 1061 1418 1163 1468; x_wconf 89' lang='lat' dir='ltr'>fuit.</span> <span class='ocrx_word' id='word_1_121' title='bbox 1196 1419 1463 1485; x_wconf 82' lang='lat' dir='ltr'>Priusquam</span> 
     </span>
     <span class='ocr_line' id='line_1_19' title="bbox 153 1492 1464 1559; baseline -0.001 -17"><span class='ocrx_word' id='word_1_122' title='bbox 153 1495 316 1543; x_wconf 88' lang='lat' dir='ltr'>urbem</span> <span class='ocrx_word' id='word_1_123' title='bbox 350 1493 697 1558; x_wconf 87' lang='lat' dir='ltr'>egrederentur,</span> <span class='ocrx_word' id='word_1_124' title='bbox 736 1492 856 1556; x_wconf 83' lang='lat' dir='ltr'>leges</span> <span class='ocrx_word' id='word_1_125' title='bbox 895 1492 1255 1553; x_wconf 83' lang='lat' dir='ltr'>decemvirales,</span> <span class='ocrx_word' id='word_1_126' title='bbox 1294 1495 1464 1559; x_wconf 83' lang='lat' dir='ltr'>quibus</span> 
     </span>
     <span class='ocr_line' id='line_1_20' title="bbox 152 1565 1461 1631; baseline -0.002 -15"><span class='ocrx_word' id='word_1_127' title='bbox 152 1573 311 1616; x_wconf 78' lang='lat' dir='ltr'>tabulis</span> <span class='ocrx_word' id='word_1_128' title='bbox 349 1571 566 1615; x_wconf 77' lang='lat' dir='ltr'>duodecim</span> <span class='ocrx_word' id='word_1_129' title='bbox 598 1565 660 1612; x_wconf 89' lang='lat' dir='ltr'>est</span> <span class='ocrx_word' id='word_1_130' title='bbox 692 1582 892 1624; x_wconf 89' lang='lat' dir='ltr'>nomen,</span> <span class='ocrx_word' id='word_1_131' title='bbox 926 1565 974 1612; x_wconf 88' lang='lat' dir='ltr'>in</span> <span class='ocrx_word' id='word_1_132' title='bbox 1003 1582 1061 1612; x_wconf 86' lang='lat' dir='ltr'>aes</span> <span class='ocrx_word' id='word_1_133' title='bbox 1100 1566 1258 1614; x_wconf 86' lang='lat' dir='ltr'>incisas</span> <span class='ocrx_word' id='word_1_134' title='bbox 1292 1567 1340 1613; x_wconf 90' lang='lat' dir='ltr'>in</span> <span class='ocrx_word' id='word_1_135' title='bbox 1378 1585 1461 1631; x_wconf 87' lang='lat' dir='ltr'>pu-</span> 
     </span>
     <span class='ocr_line' id='line_1_21' title="bbox 154 1637 1464 1705; baseline -0.001 -16"><span class='ocrx_word' id='word_1_136' title='bbox 154 1641 281 1689; x_wconf 88' lang='lat' dir='ltr'>blico</span> <span class='ocrx_word' id='word_1_137' title='bbox 315 1639 671 1705; x_wconf 88' lang='lat' dir='ltr'>proposuerunt.</span> <span class='ocrx_word' id='word_1_138' title='bbox 722 1639 865 1698; x_wconf 84' lang='lat' dir='ltr'>Sunt,</span> <span class='ocrx_word' id='word_1_139' title='bbox 907 1638 985 1702; x_wconf 91' lang='lat' dir='ltr'>qui</span> <span class='ocrx_word' id='word_1_140' title='bbox 1019 1637 1134 1700; x_wconf 82' lang='lat' dir='ltr'>jussu</span> <span class='ocrx_word' id='word_1_141' title='bbox 1169 1639 1464 1688; x_wconf 86' lang='lat' dir='ltr'>tribunorum</span> 
     </span>
     <span class='ocr_line' id='line_1_22' title="bbox 157 1710 1532 1766; baseline -0.005 -4"><span class='ocrx_word' id='word_1_142' title='bbox 157 1715 310 1762; x_wconf 84' lang='lat' dir='ltr'>aediles</span> <span class='ocrx_word' id='word_1_143' title='bbox 344 1713 524 1761; x_wconf 56' lang='lat' dir='ltr'>functos</span> <span class='ocrx_word' id='word_1_144' title='bbox 553 1729 610 1759; x_wconf 93' lang='lat' dir='ltr'>eo</span> <span class='ocrx_word' id='word_1_145' title='bbox 638 1710 891 1758; x_wconf 87' lang='lat' dir='ltr'>ministerio</span> <span class='ocrx_word' id='word_1_146' title='bbox 911 1710 1123 1758; x_wconf 85' lang='lat' dir='ltr'>scribant.</span> <span class='ocrx_word' id='word_1_147' title='bbox 1528 1763 1532 1766; x_wconf 28' lang='lat'>¹</span> 
     </span>
     <span class='ocr_line' id='line_1_23' title="bbox 221 1784 1466 1850; baseline -0.001 -14"><span class='ocrx_word' id='word_1_148' title='bbox 221 1790 376 1836; x_wconf 82' lang='lat' dir='ltr'><strong>LVIII.</strong></span> <span class='ocrx_word' id='word_1_149' title='bbox 410 1789 465 1835; x_wconf 88' lang='lat' dir='ltr'>C.</span> <span class='ocrx_word' id='word_1_150' title='bbox 498 1786 749 1844; x_wconf 82' lang='lat' dir='ltr'>Claudius,</span> <span class='ocrx_word' id='word_1_151' title='bbox 786 1784 926 1850; x_wconf 87' lang='lat' dir='ltr'>(qui,</span> <span class='ocrx_word' id='word_1_152' title='bbox 952 1785 1141 1849; x_wconf 87' lang='lat' dir='ltr'>perosus</span> <span class='ocrx_word' id='word_1_153' title='bbox 1180 1787 1466 1836; x_wconf 85' lang='lat' dir='ltr'>decemviro·</span> 
     </span>
     <span class='ocr_line' id='line_1_24' title="bbox 156 1858 1467 1927; baseline 0.002 -18"><span class='ocrx_word' id='word_1_154' title='bbox 156 1879 258 1909; x_wconf 90' lang='lat' dir='ltr'>rum</span> <span class='ocrx_word' id='word_1_155' title='bbox 286 1861 449 1909; x_wconf 87' lang='lat' dir='ltr'>scelera</span> <span class='ocrx_word' id='word_1_156' title='bbox 463 1897 476 1921; x_wconf 95' lang='lat'>,</span> <span class='ocrx_word' id='word_1_157' title='bbox 495 1862 547 1909; x_wconf 88' lang='lat'>&amp;</span> <span class='ocrx_word' id='word_1_158' title='bbox 567 1873 668 1908; x_wconf 88' lang='lat' dir='ltr'>ante</span> <span class='ocrx_word' id='word_1_159' title='bbox 692 1876 853 1907; x_wconf 87' lang='lat' dir='ltr'>omnes</span> <span class='ocrx_word' id='word_1_160' title='bbox 884 1859 1032 1908; x_wconf 87' lang='lat' dir='ltr'>fratris</span> <span class='ocrx_word' id='word_1_161' title='bbox 1050 1858 1131 1908; x_wconf 86' lang='lat' dir='ltr'>filii</span> <span class='ocrx_word' id='word_1_162' title='bbox 1153 1861 1372 1927; x_wconf 75' lang='lat' dir='ltr'>superbiae</span> <span class='ocrx_word' id='word_1_163' title='bbox 1392 1864 1467 1910; x_wconf 88' lang='lat' dir='ltr'>in·-</span> 
     </span>
     <span class='ocr_line' id='line_1_25' title="bbox 158 1933 1466 1999; baseline 0.002 -18"><span class='ocrx_word' id='word_1_164' title='bbox 158 1935 293 1982; x_wconf 85' lang='lat' dir='ltr'>festus</span> <span class='ocrx_word' id='word_1_165' title='bbox 309 1971 323 1994; x_wconf 88' lang='lat'>,</span> <span class='ocrx_word' id='word_1_166' title='bbox 352 1933 581 1999; x_wconf 83' lang='lat' dir='ltr'>Regillum</span> <span class='ocrx_word' id='word_1_167' title='bbox 601 1970 615 1993; x_wconf 95' lang='lat'>,</span> <span class='ocrx_word' id='word_1_168' title='bbox 645 1933 877 1998; x_wconf 86' lang='lat' dir='ltr'>antiquam</span> <span class='ocrx_word' id='word_1_169' title='bbox 907 1934 956 1982; x_wconf 91' lang='lat' dir='ltr'>in</span> <span class='ocrx_word' id='word_1_170' title='bbox 977 1934 1166 1998; x_wconf 85' lang='lat' dir='ltr'>patriam</span> <span class='ocrx_word' id='word_1_171' title='bbox 1186 1972 1200 1995; x_wconf 85' lang='lat'>‚</span> <span class='ocrx_word' id='word_1_172' title='bbox 1222 1935 1265 1983; x_wconf 89' lang='lat' dir='ltr'>se</span> <span class='ocrx_word' id='word_1_173' title='bbox 1296 1950 1466 1985; x_wconf 86' lang='lat' dir='ltr'>contu-</span> 
     </span>
     <span class='ocr_line' id='line_1_26' title="bbox 157 2008 1465 2076; baseline 0.002 -20"><span class='ocrx_word' id='word_1_174' title='bbox 157 2009 301 2074; x_wconf 87' lang='lat' dir='ltr'>lerat)</span> <span class='ocrx_word' id='word_1_175' title='bbox 333 2009 370 2057; x_wconf 91' lang='lat' dir='ltr'>is</span> <span class='ocrx_word' id='word_1_176' title='bbox 403 2025 571 2074; x_wconf 87' lang='lat' dir='ltr'>magno</span> <span class='ocrx_word' id='word_1_177' title='bbox 605 2008 693 2071; x_wconf 86' lang='lat' dir='ltr'>jam</span> <span class='ocrx_word' id='word_1_178' title='bbox 732 2020 872 2068; x_wconf 83' lang='lat' dir='ltr'>natu,</span> <span class='ocrx_word' id='word_1_179' title='bbox 908 2027 1011 2057; x_wconf 88' lang='lat' dir='ltr'>cum</span> <span class='ocrx_word' id='word_1_180' title='bbox 1043 2011 1098 2057; x_wconf 89' lang='lat' dir='ltr'>ad</span> <span class='ocrx_word' id='word_1_181' title='bbox 1133 2011 1335 2075; x_wconf 89' lang='lat' dir='ltr'>pericula</span> <span class='ocrx_word' id='word_1_182' title='bbox 1369 2012 1465 2076; x_wconf 73' lang='lat' dir='ltr'>ejus</span> 
     </span>
     <span class='ocr_line' id='line_1_27' title="bbox 159 2080 1465 2150; baseline 0.002 -19"><span class='ocrx_word' id='word_1_183' title='bbox 159 2080 442 2148; x_wconf 85' lang='lat' dir='ltr'>deprecanda</span> <span class='ocrx_word' id='word_1_184' title='bbox 469 2084 673 2143; x_wconf 80' lang='lat' dir='ltr'>rediffet,</span> <span class='ocrx_word' id='word_1_185' title='bbox 708 2082 839 2146; x_wconf 80' lang='lat' dir='ltr'>cujus</span> <span class='ocrx_word' id='word_1_186' title='bbox 871 2084 986 2133; x_wconf 83' lang='lat' dir='ltr'>vitia</span> <span class='ocrx_word' id='word_1_187' title='bbox 1020 2084 1228 2150; x_wconf 62' lang='lat' dir='ltr'>fugerat,</span> <span class='ocrx_word' id='word_1_188' title='bbox 1262 2085 1465 2134; x_wconf 87' lang='lat' dir='ltr'>sordida-</span> 
     </span>
     <span class='ocr_line' id='line_1_28' title="bbox 158 2156 1467 2225; baseline 0.002 -20"><span class='ocrx_word' id='word_1_189' title='bbox 158 2170 232 2206; x_wconf 86' lang='lat' dir='ltr'>tus</span> <span class='ocrx_word' id='word_1_190' title='bbox 257 2177 361 2207; x_wconf 89' lang='lat' dir='ltr'>cum</span> <span class='ocrx_word' id='word_1_191' title='bbox 392 2159 636 2225; x_wconf 86' lang='lat' dir='ltr'>gentilibus</span> <span class='ocrx_word' id='word_1_192' title='bbox 659 2160 990 2224; x_wconf 88' lang='lat' dir='ltr'>clientibusque</span> <span class='ocrx_word' id='word_1_193' title='bbox 1015 2161 1063 2208; x_wconf 90' lang='lat' dir='ltr'>in</span> <span class='ocrx_word' id='word_1_194' title='bbox 1092 2156 1199 2208; x_wconf 86' lang='lat' dir='ltr'>foro</span> <span class='ocrx_word' id='word_1_195' title='bbox 1227 2161 1467 2225; x_wconf 84' lang='lat' dir='ltr'>prensabat</span> 
     </span>
     <span class='ocr_line' id='line_1_29' title="bbox 159 2231 1466 2298; baseline 0.002 -20"><span class='ocrx_word' id='word_1_196' title='bbox 159 2231 396 2296; x_wconf 80' lang='lat' dir='ltr'>fingulos;</span> <span class='ocrx_word' id='word_1_197' title='bbox 425 2234 704 2298; x_wconf 81' lang='lat' dir='ltr'>orabatque,</span> <span class='ocrx_word' id='word_1_198' title='bbox 738 2236 807 2281; x_wconf 78' lang='lat' dir='ltr'>Ne</span> <span class='ocrx_word' id='word_1_199' title='bbox 835 2237 1024 2282; x_wconf 65' lang='lat' dir='ltr'>Claudiae</span> <span class='ocrx_word' id='word_1_200' title='bbox 1039 2239 1154 2298; x_wconf 74' lang='lat' dir='ltr'>genti</span> <span class='ocrx_word' id='word_1_201' title='bbox 1171 2255 1260 2282; x_wconf 76' lang='lat' dir='ltr'>eam</span> <span class='ocrx_word' id='word_1_202' title='bbox 1284 2240 1359 2282; x_wconf 78' lang='lat' dir='ltr'>inu</span> <span class='ocrx_word' id='word_1_203' title='bbox 1394 2253 1466 2280; x_wconf 79' lang='lat' dir='ltr'>am</span> 
     </span>
     <span class='ocr_line' id='line_1_30' title="bbox 162 2308 1469 2372; baseline 0.002 -20"><span class='ocrx_word' id='word_1_204' title='bbox 162 2311 372 2354; x_wconf 80' lang='lat' dir='ltr'>maculam</span> <span class='ocrx_word' id='word_1_205' title='bbox 391 2313 569 2366; x_wconf 75' lang='lat' dir='ltr'>vellem,</span> <span class='ocrx_word' id='word_1_206' title='bbox 600 2326 647 2355; x_wconf 79' lang='lat' dir='ltr'>ut</span> <span class='ocrx_word' id='word_1_207' title='bbox 668 2328 820 2356; x_wconf 83' lang='lat' dir='ltr'>carcere</span> <span class='ocrx_word' id='word_1_208' title='bbox 850 2308 892 2356; x_wconf 70' lang='lat' dir='ltr'>G</span> <span class='ocrx_word' id='word_1_209' title='bbox 907 2313 1089 2356; x_wconf 73' lang='lat' dir='ltr'>viriculis</span> <span class='ocrx_word' id='word_1_210' title='bbox 1116 2313 1351 2357; x_wconf 58' lang='lat' dir='ltr'>videremur</span> <span class='ocrx_word' id='word_1_211' title='bbox 1374 2313 1469 2372; x_wconf 80' lang='lat' dir='ltr'>dig-</span> 
     </span>
     <span class='ocr_line' id='line_1_31' title="bbox 160 2383 1468 2450; baseline 0.002 -24"><span class='ocrx_word' id='word_1_212' title='bbox 160 2384 207 2427; x_wconf 73' lang='lat' dir='ltr'>m‘</span> <span class='ocrx_word' id='word_1_213' title='bbox 227 2399 242 2427; x_wconf 90' lang='lat'><em>:</em></span> <span class='ocrx_word' id='word_1_214' title='bbox 271 2385 407 2428; x_wconf 67' lang='lat' dir='ltr'>virum</span> <span class='ocrx_word' id='word_1_215' title='bbox 424 2419 440 2440; x_wconf 89' lang='lat'>,</span> <span class='ocrx_word' id='word_1_216' title='bbox 460 2383 781 2447; x_wconf 63' lang='lat' dir='ltr'>lzotzoracffmae</span> <span class='ocrx_word' id='word_1_217' title='bbox 806 2386 1008 2446; x_wconf 74' lang='lat' dir='ltr'>imaginis</span> <span class='ocrx_word' id='word_1_218' title='bbox 1019 2383 1214 2443; x_wconf 74' lang='lat' dir='ltr'>futurum</span> <span class='ocrx_word' id='word_1_219' title='bbox 1245 2386 1307 2428; x_wconf 85' lang='lat' dir='ltr'>ad</span> <span class='ocrx_word' id='word_1_220' title='bbox 1330 2384 1468 2450; x_wconf 81' lang='lat' dir='ltr'>poste-</span> 
     </span>
     <span class='ocr_line' id='line_1_32' title="bbox 162 2456 1469 2518; baseline -0.002 -19"><span class='ocrx_word' id='word_1_221' title='bbox 162 2472 229 2500; x_wconf 85' lang='lat' dir='ltr'>ros</span> <span class='ocrx_word' id='word_1_222' title='bbox 245 2489 258 2512; x_wconf 89' lang='lat'>,</span> <span class='ocrx_word' id='word_1_223' title='bbox 290 2460 424 2518; x_wconf 72' lang='lat' dir='ltr'>legum</span> <span class='ocrx_word' id='word_1_224' title='bbox 454 2461 624 2502; x_wconf 79' lang='lat' dir='ltr'>latorem</span> <span class='ocrx_word' id='word_1_225' title='bbox 656 2460 984 2518; x_wconf 58' lang='lat' dir='ltr'>conditoremque</span> <span class='ocrx_word' id='word_1_226' title='bbox 1018 2460 1209 2503; x_wconf 61' lang='lat' dir='ltr'>Romani</span> <span class='ocrx_word' id='word_1_227' title='bbox 1226 2456 1346 2514; x_wconf 75' lang='lat' dir='ltr'>juris</span> <span class='ocrx_word' id='word_1_228' title='bbox 1362 2488 1374 2509; x_wconf 84' lang='lat'><strong>‚</strong></span> <span class='ocrx_word' id='word_1_229' title='bbox 1386 2457 1469 2513; x_wconf 67' lang='lat' dir='ltr'>ja-</span> 
     </span>
     <span class='ocr_line' id='line_1_33' title="bbox 161 2527 1462 2591; baseline 0.002 -18"><span class='ocrx_word' id='word_1_230' title='bbox 161 2546 242 2574; x_wconf 78' lang='lat' dir='ltr'>cere</span> <span class='ocrx_word' id='word_1_231' title='bbox 273 2527 452 2576; x_wconf 69' lang='lat' dir='ltr'>vinc‘lum</span> <span class='ocrx_word' id='word_1_232' title='bbox 480 2532 588 2576; x_wconf 80' lang='lat' dir='ltr'>inter</span> <span class='ocrx_word' id='word_1_233' title='bbox 609 2529 735 2591; x_wconf 78' lang='lat' dir='ltr'>ficrcs</span> <span class='ocrx_word' id='word_1_234' title='bbox 753 2531 978 2578; x_wconf 57' lang='lat' dir='ltr'>tzoft&#39;umos</span> <span class='ocrx_word' id='word_1_235' title='bbox 1009 2549 1057 2576; x_wconf 75' lang='lat' dir='ltr'>ac</span> <span class='ocrx_word' id='word_1_236' title='bbox 1093 2534 1291 2576; x_wconf 54' lang='lat' dir='ltr'>laerones.</span> <span class='ocrx_word' id='word_1_237' title='bbox 1331 2534 1377 2576; x_wconf 91' lang='lat' dir='ltr'><em>A</em></span> <span class='ocrx_word' id='word_1_238' title='bbox 1383 2548 1462 2576; x_wconf 59' lang='grc' dir='ltr'>π’·</span> 
     </span>
    </p>
   </div>
  </div>
 </body>
</html>
