1582 2793
289 160 892 208 HISTORIARUM
941 162 1156 208 LIB.1.
1310 180 1375 226 49

76 270 272 335 plicitus.
308 271 441 316 Tunc
468 268 582 315 adeo
612 267 737 315 fraffi
764 268 893 315 simul
923 288 1024 316 cum
1052 289 1250 334 corpore
1273 271 1377 320 sunt

75 344 257 408 spiritus
284 343 349 391 illi
375 342 582 400 feroceS,
618 354 668 388 ut
687 378 701 400 ,
735 341 813 405 qui
840 342 953 388 nihil
984 357 1087 390 ante
1114 360 1233 393 ratus
1268 347 1374 393 effer

75 417 226 468 minus
260 418 463 481 regium,
501 434 639 481 quam
671 416 802 463 sacris
837 417 999 464 dedere
1032 419 1230 467 animum
1253 459 1264 476 ,
1303 438 1379 468 re-

77 505 213 556 pente
248 491 460 538 omnibus
494 489 666 554 magnis
704 489 941 554 parvisque
981 489 1378 553 superstitionibus

78 563 310 610 obnoxius
341 563 549 625 degeret,
577 560 961 625 religionibusque
986 561 1119 608 etiam
1155 566 1379 626 populum

77 637 298 700 impleret.
325 637 482 700 Vulgo
511 633 600 696 jam
630 634 869 695 homines,
891 653 994 682 eum
1020 635 1179 683 statum
1199 654 1345 685 rerum
1362 675 1380 698 ‚

78 713 156 776 qui
178 710 203 757 s
199 712 257 758 ub
278 712 429 757 Numa
449 727 549 773 rege
569 709 714 756 fuerat
727 746 740 769 ,
759 710 1038 774 requirentes
1055 748 1068 770 ,
1087 729 1220 758 unam
1240 728 1381 775 opem

78 784 207 847 aegris
237 783 511 846 corporibus
533 780 728 828 reficiam
745 818 758 839 ,
783 782 813 829 fi
832 800 923 845 pax
945 783 1172 849 veniaque
1191 785 1247 832 ab
1269 786 1382 832 Diis

77 856 314 921 impetrata
336 857 469 915 esset,
502 855 758 904 credebant.
792 855 936 918 Ipsum
964 873 1111 921 regem
1128 894 1143 918 ,
1169 859 1381 919 tradunt,

79 930 351 979 volventem
387 928 739 977 commentarios
774 930 973 990 Numae,
1013 948 1117 978 cum
1152 933 1217 979 ibi
1252 951 1384 998 quae-

79 1004 179 1052 dam
217 1004 398 1052 occulta
427 1001 663 1050 sollemnia
695 1000 913 1050 sacrificia
937 1005 1050 1052 Jovi
1081 1005 1229 1055 Elicio
1267 1008 1379 1055 facia

79 1077 355 1137 invenisset,
394 1088 633 1140 operatum
667 1075 735 1124 his
773 1076 905 1125 sacris
945 1077 987 1124 se
1022 1079 1265 1130 abdidiffe:
1304 1083 1381 1132 sed

79 1168 176 1199 non
197 1153 282 1199 rite
312 1151 478 1199 initum
512 1165 590 1197 aut
623 1162 828 1197 curatum
858 1150 904 1196 id
937 1150 1113 1199 sacrum
1135 1154 1254 1212 effe3
1291 1174 1378 1204 nec

79 1223 225 1270 solum
251 1224 421 1271 nullam
453 1223 493 1270 ei
527 1221 730 1270 oblatam
763 1221 1015 1269 coelestium
1047 1223 1270 1288 speciem,
1304 1228 1382 1278 sed

78 1296 145 1344 ira
175 1297 333 1357 Jovis,
365 1296 594 1344 sollicitati
628 1312 770 1359 prava
803 1295 1054 1360 religione,
1088 1296 1278 1347 fulmine
1309 1302 1381 1349 ic·-

79 1383 177 1418 tum
202 1387 305 1418 cum
331 1371 473 1418 domo
497 1368 800 1432 conflagrasse.
844 1369 1008 1418 Tullus
1033 1388 1195 1436 magna
1228 1373 1378 1437 gloria

80 1445 186 1492 belli
208 1445 416 1509 regnavit
442 1460 587 1490 annos
607 1444 723 1489 duos
743 1443 793 1490 δέ
811 1441 1007 1506 triginta.

135 1519 332 1566 XXXII.
369 1519 561 1564 Mortuo
582 1515 757 1575 Tullo,
787 1532 886 1575 res,
917 1528 967 1562 ut
1000 1515 1252 1565 institutum
1283 1518 1377 1582 jam

81 1591 186 1638 inde
217 1592 273 1638 ab
304 1590 436 1637 initio
460 1603 584 1649 erat,
612 1590 668 1637 ad
690 1591 841 1636 Patres
875 1588 1098 1637 redierat:
1134 1591 1272 1656 hique
1304 1594 1380 1641 in-

79 1677 300 1728 terregem
322 1663 689 1711 nominaverant.
724 1679 818 1728 quo
839 1663 1027 1710 comitia
1045 1663 1265 1726 habente,
1281 1671 1377 1718 An-

83 1756 185 1787 cum
207 1738 427 1784 Marcium
452 1753 602 1802 regem
630 1736 828 1801 populus
859 1737 1061 1784 creavit:
1100 1738 1252 1788 Patres
1275 1741 1378 1790 fue-

81 1830 128 1860 re
162 1812 378 1860 aussores.
411 1811 575 1858 Numae
598 1809 811 1873 Pompilii
838 1808 952 1873 regis
972 1825 1147 1873 nepos,
1176 1810 1267 1860 filia
1293 1832 1376 1862 or-

84 1901 184 1946 tus,
217 1890 373 1934 Ancus
395 1885 595 1932 Marcius
622 1897 728 1932 erat.
767 1883 877 1948 qui,
908 1896 958 1931 ut
992 1901 1182 1948 regnare
1210 1891 1379 1952 coepit,

82 1964 134 2010 &
164 1961 301 2007 avitae
334 1959 490 2023 gloriae
526 1973 732 2017 memor,
765 1959 816 2005 &
843 1957 948 2021 quia
983 1958 1244 2020 proximum
1274 1979 1380 2027 reg-

84 2055 224 2096 num,
260 2049 407 2082 cetera
444 2034 672 2098 egregium
696 2069 710 2093 ,
746 2033 802 2081 ab
836 2050 926 2079 una
958 2048 1084 2096 parte
1123 2035 1242 2082 haud
1280 2038 1383 2087 satis

84 2110 350 2176 prosperum
387 2107 558 2167 fuerat,
591 2120 667 2154 aut
701 2105 909 2171 negleffis
941 2106 1269 2170 religionibus,
1305 2126 1382 2160 aut

84 2201 226 2250 prave
247 2183 408 2240 cultis;
439 2182 575 2246 longe
595 2179 948 2245 antiquissimum
971 2192 1092 2227 ratus
1107 2216 1122 2239 ‚
1150 2179 1271 2230 sacra
1297 2203 1383 2248 pu-

84 2259 203 2308 blica
220 2294 234 2316 ,
262 2270 311 2304 ut
337 2257 394 2303 ab
426 2257 575 2302 Numa
607 2254 806 2303 instituta
832 2265 990 2312 erant,
1016 2252 1192 2311 facere3
1226 2260 1383 2306 omnia

85 2349 137 2380 ea
165 2349 220 2378 ex
249 2330 587 2378 commentariis
605 2329 723 2393 regis
742 2324 1010 2391 pontificem
1048 2327 1094 2373 in
1125 2327 1276 2375 album
1314 2346 1384 2377 re-

85 2406 172 2452 lata
212 2419 474 2466 proponere
499 2403 546 2449 in
575 2402 763 2465 publico
794 2399 935 2463 jubet.
974 2399 1078 2446 inde
1112 2402 1169 2448 δε
1202 2402 1384 2452 civibus

86 2480 171 2528 otii
201 2478 405 2541 cupidis,
437 2479 487 2525 ὅ(
516 2475 722 2528 finitimis
751 2475 1014 2526 civitatibus
1039 2474 1151 2522 facta
1184 2475 1305 2539 spes,
1339 2479 1385 2526 in

158 2555 210 2601 T.
231 2555 328 2600 Liv.
360 2555 458 2602 Vol.
481 2555 518 2600 l.
1059 2549 1109 2594 D
