1582 2793
252 158 1152 207 HISTORIARUML113.11.
1294 175 1384 224 139

81 267 159 324 lo,
190 267 262 316 vis
297 284 459 332 magna
482 265 761 314 Volscorum
784 266 928 314 venit.
963 267 1224 332 Priusquam
1256 284 1389 316 com-

80 341 372 389 mitterentur
392 340 511 399 ludi,
526 340 689 386 Tullus
704 377 717 399 ‚
736 352 787 387 ut
806 339 933 387 domi
954 343 1260 403 compofitum
1283 360 1391 390 cum

83 413 266 461 Marcio
296 413 471 471 fuerat,
504 414 561 460 ad
589 413 802 461 consules
822 412 967 461 venit.
1007 413 1119 460 dicit
1146 415 1231 462 effe
1250 452 1264 475 ,
1286 433 1390 479 quae

84 485 258 533 secreto
292 503 423 551 agere
443 486 497 532 de
526 486 762 549 republica
786 487 914 534 velit.
953 487 1150 535 Arbitris
1171 490 1390 549 remotis,

83 563 255 608 Invitus
275 595 288 616 ,
320 559 471 623 inquit
487 596 500 617 ,
530 563 646 621 quod
649 561 822 621 sequius
834 560 927 625 stt,
954 563 1003 606 de
1021 564 1124 606 meis
1150 566 1310 608 civibus
1327 569 1390 608 lo-

81 651 198 693 quor.
242 635 339 680 Non
377 649 516 678 tamen
549 631 772 696 admiffiim
814 635 1042 694 quidquam
1073 636 1127 679 ab
1156 637 1211 680 iis
1244 639 1391 681 crimi-

82 724 229 753 natum
250 711 372 755 venio
387 743 401 763 ‚
418 708 503 768 sed
521 724 712 761 cautum,
740 726 791 754 ne
811 710 1054 754 admittant.
1089 710 1241 754 Nimio
1261 715 1391 768 plus,

83 800 211 844 quam
245 785 397 839 velim,
424 785 653 850 nostrorum
681 786 853 844 ingenia
871 784 982 844 fiant
1007 786 1197 830 mobilia.
1236 787 1392 830 Multis

84 859 137 902 id
163 859 354 903 cladibus
372 857 598 921 senstmus.
651 860 800 918 quippe
825 860 898 918 qui
930 877 1019 903 non
1048 860 1392 925 nostro-merito,

73 930 159 993 fid
173 932 301 998 vestra
320 934 534 992 patientia
548 966 561 988 ‚
581 934 812 977 incolumes
816 932 973 996 fimus.
1004 933 1175 993 Magna
1194 933 1261 976 lzic
1279 950 1394 977 nunc

90 1005 339 1065 Volscorum
374 1007 601 1051 multitudo
622 1007 686 1072 est.
719 1008 810 1050 ludi
819 1005 941 1065 sunt.
969 1004 1207 1065 spectaculo
1231 1007 1393 1050 intenta

85 1082 239 1126 civitas
269 1082 356 1126 erit.
392 1082 596 1137 Memini,
632 1082 736 1141 quid
751 1099 830 1140 per
852 1081 1023 1124 eandem
1059 1080 1312 1145 occasionem
1336 1082 1391 1126 ab

85 1154 341 1199 Sabinorum
360 1151 582 1210 juventute
609 1155 656 1198 in
685 1155 763 1198 hac
795 1156 889 1198 urbe
917 1150 1172 1217 commistum
1187 1154 1263 1219 stt.
1298 1155 1394 1199 lzor-

83 1240 146 1271 ret
171 1227 343 1271 animus
361 1261 377 1282 ,
410 1244 461 1271 ne
491 1228 595 1286 quid
626 1225 855 1285 inconsulte
884 1243 934 1270 ac
963 1241 1104 1271 temere
1122 1227 1222 1286 fiat.
1257 1227 1391 1285 Haec,

85 1300 226 1366 nostra
246 1301 451 1366 vestraque
474 1299 602 1360 causa
620 1334 636 1355 ‚
656 1302 780 1360 prius
805 1301 982 1344 dicenda
1006 1301 1152 1356 vobis,
1180 1300 1392 1360 conficies,

87 1388 206 1418 ratus
231 1372 349 1433 sum.
403 1373 538 1434 Quod
566 1376 629 1419 ad
654 1392 716 1420 me
744 1376 924 1429 attinet,
955 1377 1161 1433 extemplo
1188 1375 1287 1419 lzinc
1315 1376 1393 1419 do-

87 1463 204 1491 mum
223 1449 335 1493 abire
354 1449 401 1493 in
426 1451 572 1494 animo
601 1450 684 1516 est,
712 1467 763 1493 ne
789 1445 911 1505 cujus
927 1446 1042 1506 fizc‘li
1073 1446 1222 1494 dictive
1247 1464 1394 1494 conta-

85 1520 212 1580 gione
238 1519 419 1580 praesens
454 1524 596 1567 violer.
633 1521 744 1567 Haec
785 1520 970 1567 locutus
1007 1519 1131 1567 abiit.
1168 1520 1394 1569 Consules

89 1608 193 1639 cum
224 1592 280 1639 ad
297 1594 447 1640 Patres
476 1611 572 1641 rem
601 1594 782 1641 dubiam
801 1594 880 1642 sub
898 1596 1080 1642 auctore
1107 1608 1234 1643 certo
1260 1596 1394 1643 detu-

88 1665 237 1713 liffent
256 1703 270 1725 ,
293 1669 450 1715 auctor
480 1669 650 1734 magis,
678 1683 729 1717 ut
753 1668 823 1726 fit,
846 1688 984 1735 quam
1012 1687 1111 1730 res,
1141 1671 1197 1719 ad
1223 1689 1392 1735 praeca·

89 1742 293 1789 vendum
314 1743 391 1791 vel
428 1761 486 1792 ex
513 1744 802 1809 supervacuo
830 1747 996 1795 movit.
1029 1746 1239 1812 factoque
1264 1748 1394 1795 sena-

90 1815 405 1878 tusconsulto,
428 1832 480 1868 ut
510 1822 669 1868 urbem
698 1822 972 1870 excederent
994 1822 1184 1882 Volsci,
1216 1841 1394 1887 praeco-
1427 1814 1431 1816 ‚

91 1904 171 1935 nes
194 1889 508 1950 dimittuntur,
527 1893 607 1957 qui
629 1910 789 1941 omnes
810 1910 889 1941 eos
908 1892 1136 1957 proficisci
1154 1907 1258 1942 ante
1279 1912 1395 1943 noc-

92 1971 184 2007 tem
214 1960 437 2023 juberent.
468 1966 629 2029 Ingens
648 1983 798 2029 pavor
816 1967 966 2030 primo
996 1967 1299 2017 discurrentes
1334 1968 1392 2017 ad

91 2033 189 2082 suas
215 2052 286 2084 res
312 2037 539 2086 tollendas
560 2039 606 2085 in
633 2039 827 2104 hospitia
850 2041 1058 2104 perculit.
1095 2041 1394 2091 Proficiscen-

93 2106 216 2155 tibus
249 2109 411 2157 deinde
440 2112 695 2178 indignatio
725 2115 919 2160 oborta:
959 2118 1048 2172 Se,
1075 2132 1126 2162 ut
1143 2117 1394 2178 conscelera-
1439 2119 1442 2123 ’

93 2197 158 2228 tos
176 2188 587 2249 contaminatosque,
604 2192 658 2234 ab
676 2192 790 2235 ludis
810 2224 823 2246 ,
843 2189 965 2258 festis
982 2192 1152 2248 diebus,
1170 2207 1275 2237 caetu
1291 2209 1393 2253 quo-

93 2256 321 2303 dammodo
340 2261 557 2307 hominum
577 2265 844 2324 Deorumque
856 2298 871 2321 ‚
890 2263 1058 2309 abac‘tos
1081 2262 1163 2328 effe.

160 2327 426 2379 XXXVIH.
454 2333 573 2379 Cum
596 2350 742 2398 prope
761 2335 1034 2382 continuato
1054 2335 1231 2398 agmine
1250 2333 1398 2394 irent,'

95 2403 359 2466 praegressus
391 2407 557 2456 Tullus
589 2410 646 2455 ad
676 2422 810 2474 caput
839 2409 1156 2467 Ferentinum,
1192 2421 1241 2456 ut
1272 2408 1398 2473 quis-

95 2491 185 2540 que
205 2477 384 2527 veniret
399 2515 416 2542 ,
445 2481 671 2547 primores
699 2500 860 2532 eorum
880 2481 1110 2547 excipiens
1125 2517 1140 2541 ‚
1160 2482 1397 2548 querendo
