1680 2803
269 148 447 187 xxxvi
662 136 1251 187 TITILIVII

268 260 351 296 'nus
367 243 595 294 Luclovici
612 244 745 293 Barbi
761 282 776 306 ‚
791 246 1022 294 Canonici
1042 246 1183 295 nostri
1198 246 1360 308 frater,'
1380 247 1436 296 ad
1454 247 1568 298 illud

268 330 538 379 coenobium
570 329 910 378 reformandum
939 331 1209 389 acceffiss‘et‚
1241 330 1412 396 {ibique
1444 350 1570 396 pone

268 413 455 462 Abbatis
477 414 765 461 domicilium
795 413 1027 460 aediculam
1055 414 1282 462 exstruere
1306 415 1569 480 cogitasset,

266 500 319 546 &
350 514 436 562 pro
469 496 772 545 fundamentis
799 496 932 543 altius
959 495 1259 558 effoderetur,
1279 500 1488 563 apparuit
1513 499 1568 547 ila

263 579 360 629 lico
393 579 740 628 vetustiffimum
775 580 1090 643 pavimentum
1110 616 1125 639 ,
1153 598 1210 628 ex
1246 583 1471 647 quadratis
1501 584 1571 631 la-

265 664 437 712 teribus
468 666 518 713 &
548 664 671 712 calce
700 663 827 710 omni
858 676 983 727 parte
1015 664 1351 728 compositum,
1375 684 1469 731 quo
1500 668 1571 714 le-

267 747 387 797 viter
419 738 561 794 fracto
581 783 596 806 ,
626 745 797 795 inclusa
827 746 876 794 in
897 764 954 796 eo
989 746 1115 811 capsa
1146 747 1358 811 plumbea
1392 763 1570 814 reperta

267 831 329 880 est
350 867 363 889 ,
388 831 524 894 longa
558 830 691 893 pedes
725 830 826 888 sex,
847 831 934 878 alta
966 848 1079 880 vero
1107 833 1157 879 &
1187 832 1274 880 lata
1300 850 1427 897 aeque
1452 834 1573 883 ultra

266 915 443 979 pedem.
483 913 605 959 Livii
632 930 743 959 mox
774 913 1018 973 clamatur,
1044 914 1170 978 quod
1196 916 1338 963 relatu
1365 919 1573 968 Fratrum

266 998 464 1062 sepultus
499 995 562 1043 ibi
594 996 747 1045 Livius
770 996 1010 1044 haberetur
1026 1032 1039 1055 ,
1060 1000 1111 1045 &
1132 998 1349 1057 Monaci,
1370 1001 1449 1064 qui
1472 1018 1572 1048 me-

264 1082 492 1131 minerant
521 1080 581 1126 ibi
615 1092 816 1126 veterem
845 1078 1048 1127 effossum
1079 1080 1304 1144 lapidem,
1324 1099 1427 1131 cum
1447 1084 1572 1134 Livii

268 1164 533 1229 epitaphio,
561 1163 797 1211 unanimes
829 1153 997 1226 corpus
1029 1163 1113 1210 effe
1144 1165 1267 1212 Livii
1292 1165 1573 1230 faterentur,

270 1249 399 1313 quod
434 1249 481 1295 &
519 1247 802 1294 Polentonus
840 1247 1032 1295 affirmat
1063 1247 1112 1296 in
1148 1247 1326 1297 laudata
1357 1251 1575 1315 epistola,

270 1332 338 1380 rei
374 1331 517 1380 totius
552 1330 756 1378 oculatus
788 1329 923 1381 testis·

337 1466 458 1510 Inter
490 1461 591 1508 haec
625 1459 797 1507 summa
826 1458 969 1506 totius
1001 1456 1199 1506 civitatis
1234 1457 1392 1507 laetitia
1423 1458 1578 1508 divul-

273 1558 431 1611 gatur,
453 1556 683 1607 repertum
703 1542 800 1590 Titi
819 1541 942 1589 Livii
962 1558 1144 1605 corpus.
1163 1543 1364 1606 ⁸Jamque
1390 1543 1446 1590 ad
1464 1543 1577 1592 illud

275 1627 505 1677 Nobilitas
535 1626 683 1674 omnis
707 1636 995 1684 accurrerat,
1017 1627 1066 1673 δε
1088 1642 1144 1672 ex
1161 1625 1330 1674 offibus
1349 1626 1579 1692 fragmen-

275 1725 320 1759 ta
343 1710 538 1774 diripere
567 1710 829 1757 conabatur.
869 1708 1270 1772 AmpleE'oebantur
1298 1711 1448 1758 cuncti
1475 1728 1580 1776 cap·

277 1794 416 1842 sulam
436 1792 712 1857 plaudentes,
746 1790 994 1839 Multitudo
1016 1808 1134 1840 vero
1155 1792 1316 1856 populi
1335 1806 1460 1841 tanta
1477 1811 1587 1844 con·

275 1878 502 1934 fluxerat,
524 1887 575 1924 ut
607 1874 850 1933 monachi,
881 1891 940 1923 eo
973 1874 1197 1924 concursu
1228 1877 1494 1940 perterriti,
1525 1879 1582 1926 de

280 1958 602 2008 comburendis
632 1957 755 2006 Livii
789 1959 957 2007 offibus
983 1959 1236 2024 cogitarent
1249 1972 1337 2037 ,Nur
1367 1977 1394 2008 a
1424 1961 1584 2025 gentili

280 2044 387 2092 viro
423 2041 768 2091 venerationem
806 2041 1356 2091 insolitam'amoverent.
1392 2045 1452 2091 At
1480 2045 1583 2091 Ro-

281 2126 440 2174 landus
462 2124 743 2182 monachus,
774 2138 961 2190 rogatus
992 2145 1017 2174 a
1052 2126 1326 2186 Nobilibus,
1349 2143 1499 2174 arcam
1529 2129 1583 2177 &

282 2209 376 2257 offa
399 2208 495 2257 Titi
516 2207 637 2256 Livii
665 2207 819 2271 patriae
840 2208 968 2256 dono
988 2209 1125 2257 dedit.
1159 2209 1266 2256 Inde
1288 2227 1456 2293 magno
1481 2227 1586 2264 om·-¹

285 2294 413 2342 nium
451 2291 625 2340 civium
660 2304 931 2350 conventu,
960 2309 1012 2340 ac
1045 2292 1211 2340 celebri
1238 2309 1410 2358 pompa
1440 2294 1587 2343 totius

286 2375 488 2436 civitatis
502 2411 515 2433 ‚
537 2374 774 2421 Nobilium
794 2374 996 2438 ipsorum
1015 2376 1212 2426 humeris
1233 2376 1281 2425 in
1300 2380 1469 2427 Forum
1485 2395 1586 2436 ma-⁴

289 2459 465 2508 ximum
503 2458 736 2522 deportata
771 2457 885 2510 sunt.
