1582 2793
283 197 893 244 HISTORIARUM
942 201 1069 247 ΜΒ.
1111 204 1180 249 11.
1314 220 1372 265 ῳ

141 304 382 354 necatusque.
412 304 561 354 Oppia,
588 303 694 354 virgo
716 303 897 350 Vestalis,
923 305 974 343 ob
995 307 1178 347 incestum
1199 310 1282 348 viva
1309 310 1379 349 de-

143 366 237 405 foss'a
267 367 330 406 est.
373 366 470 405 Cum
501 366 615 404 vicini
647 366 771 405 hostes
798 367 984 416 Vejentes
1021 370 1259 410 incommodi
1297 385 1379 411 ma-

144 431 222 480 gis,
252 443 365 479 quam
404 442 534 477 graves
552 460 562 476 ‚
589 428 730 478 essent,
766 429 912 468 familia
937 430 1142 472 Fabiorum
1171 435 1209 473 id
1234 434 1381 476 bellum

144 491 354 540 gerendum
390 488 645 540 depoposcit;
676 490 848 541 mifitque
877 492 916 530 in
944 492 984 530 id
1010 504 1202 533 trecentos
1235 496 1297 536 sex
1323 511 1379 536 ar-

142 562 297 600 matos,
328 554 390 603 qui
429 554 478 592 ad
515 554 735 593 Cremeram
770 555 819 594 ad
856 567 975 594 unum
1006 555 1053 593 ab
1088 555 1257 596 hostibus
1295 559 1377 598 Caesl

143 614 258 663 sunt,
282 628 360 653 uno
386 615 585 666 impubere
609 616 714 654 domi
738 615 881 654 relifto.
922 617 992 666 Ap.
1015 614 1198 655 Claudius
1224 619 1380 667 consul,

104 703 106 705 -
146 689 236 716 cum
269 677 446 716 adversus
481 677 634 717 Volscos
662 678 906 718 contumacia
941 679 1129 718 exercitus
1162 679 1260 718 male
1290 695 1384 732 pug-

148 750 282 779 natum
310 740 428 787 estet,
461 741 658 779 decimum
693 754 883 791 quemque
919 742 1085 781 militum
1112 741 1209 781 fuste
1234 745 1385 793 percus-

145 800 201 841 fit.
230 801 302 840 Res
327 810 508 850 praetetea
534 799 733 839 adversum
757 800 912 839 Volscos
936 803 971 841 &
999 802 1163 852 ffiqUOS,
1194 806 1228 842 δι’
1247 804 1383 854 Vejen-

146 873 231 911 tes,
259 865 294 903 &
318 862 524 904 seditiones
551 863 649 902 inter
673 864 802 903 Patres
827 863 1060 915 plebemque
1087 865 1273 907 continet.

91 1105 126 1150 Ι.
166 1036 444 1151 LIBERI
478 1098 566 1161 jam
600 1100 706 1148 hinc
730 1101 891 1165 populi
921 1103 1116 1150 Romani
1151 1119 1242 1162 res,
1274 1121 1383 1166 pace

94 1174 309 1237 belloque
328 1172 492 1236 gestaS,
508 1190 683 1219 annuos
706 1174 1007 1237 magi-stratus,
1026 1176 1302 1240 imperiaque
1323 1178 1386 1224 le-

96 1248 515 1313 gum,potentiora
548 1265 684 1312 quam
713 1250 977 1309 hominum,
1012 1268 1233 1315 peragam.
1268 1254 1387 1313 Quae

98 1322 280 1369 libertas
307 1335 358 1369 ut
390 1322 539 1369 laetior
569 1322 704 1381 esset,
731 1323 930 1386 proximi
959 1324 1074 1388 regis
1100 1323 1304 1388 superbia
1323 1325 1387 1372 fe-

98 1407 235 1442 cerat.
281 1412 383 1443 nam
415 1395 590 1458 priores
618 1396 678 1442 ita
707 1409 950 1459 regnarunt
969 1433 983 1455 ‚
1010 1413 1062 1444 ut
1091 1397 1207 1445 haud
1233 1398 1387 1445 imme-

97 1470 189 1516 rito
219 1486 378 1517 omnes
401 1470 613 1532 deinceps
645 1470 908 1518 conditores
936 1471 1131 1534 partium
1165 1484 1285 1518 certe
1308 1490 1389 1519 ur-

98 1543 168 1589 bis
186 1579 201 1601 ,
237 1559 346 1605 quas
375 1559 520 1592 novas
558 1543 636 1605 ipfi
673 1543 793 1590 sedes
823 1544 878 1607 ab
910 1543 951 1590 se
972 1544 1113 1590 auelae
1134 1546 1388 1592 multitudi-

99 1617 148 1664 ni
170 1616 462 1676 addiderunt,
483 1631 792 1665 numerentur.
825 1633 971 1681 neque
990 1616 1255 1681 ambigitur,
1277 1620 1389 1683 quin

96 1691 264 1738 Brutus
300 1689 417 1737 idem
437 1725 451 1748 ,
475 1690 552 1754 qui
579 1701 755 1737 tantum
788 1690 945 1754 gloriae
961 1726 975 1749 ,
1003 1691 1209 1754 Superbo
1232 1694 1390 1740 exa-{lo

99 1777 231 1824 rege,
261 1762 456 1819 meruit,
486 1762 674 1825 peffimo
703 1763 889 1826 publico
917 1763 963 1810 id
994 1762 1185 1811 fafiturus
1218 1763 1353 1812 fuerit
1374 1803 1389 1822 ‚

99 1835 133 1885 sl
155 1836 369 1882 libertatis
400 1836 649 1883 immaturae
670 1837 880 1900 cupidine
904 1837 1108 1900 priorum
1131 1854 1287 1901 regum
1307 1839 1390 1885 ali-

101 1909 176 1956 cui
207 1926 392 1973 regnum
423 1910 683 1958 extorfiffet.
725 1911 853 1972 Quid
884 1912 1002 1958 enim
1036 1911 1238 1959 futurum
1276 1913 1389 1972 fuit,

102 1983 136 2034 fi
168 1984 243 2031 illa
272 1983 501 2046 pastorum
534 2000 941 2047 convenarumque
976 1984 1132 2047 plebs,
1167 1985 1392 2050 transfuga

102 2074 161 2104 ex
202 2057 286 2105 suis
320 2058 536 2121 populis,
574 2057 650 2105 sub
689 2059 827 2106 tutela
868 2058 1082 2105 inviolati
1121 2060 1276 2122 templi
1314 2071 1393 2106 aut

103 2131 354 2178 libertatem
373 2167 387 2190 ,
421 2144 496 2177 aut
535 2145 653 2178 certe
685 2131 997 2195 impunitatem
1026 2132 1214 2194 adepta,
1247 2131 1392 2178 soluta

105 2203 231 2268 regio
261 2216 409 2260 metu,
441 2204 597 2268 agitari
629 2219 779 2267 coepta
802 2204 907 2251 effet
937 2204 1188 2250 tribuniciis
1210 2206 1393 2267 procel-

104 2276 198 2324 lis?
231 2279 281 2326 &
313 2277 360 2323 in
393 2277 535 2324 aliena
567 2278 678 2324 urbe
713 2295 815 2324 cum
844 2277 1042 2323 Patribus
1075 2277 1216 2323 serere
1251 2290 1394 2324 certa-

106 2350 254 2405 mina,
288 2349 541 2413 priusquam
564 2351 755 2414 pignora
788 2350 1035 2414 conjugum
1066 2367 1117 2396 ac
1142 2349 1392 2395 liberorum

109 2422 353 2486 caritasque
379 2423 512 2486 ipfius
541 2424 655 2482 soli,
692 2425 766 2471 cui
795 2424 937 2488 longo
965 2437 1171 2486 tempore
1194 2421 1396 2469 assuesci·

107 2508 204 2556 tur,
217 2497 392 2547 animos
413 2514 573 2546 eorum
593 2498 915 2558 consociasset?
936 2497 1170 2560 Diffipatae
1188 2512 1256 2544 res
1277 2511 1397 2541 non-2
