1582 2793
168 167 254 214 132
515 150 1082 201 TITILIVII

161 258 379 317 staretur,
406 258 699 307 decedentem
732 261 921 310 domum
953 280 1057 311 cum
1090 262 1254 312 favore
1286 281 1339 314 ac
1362 264 1460 314 lau—

161 332 293 379 dibus
329 332 556 395 prosecuti
588 333 702 382 sunt.

228 408 427 457 XXXII.
446 408 610 455 Timor
631 409 735 456 inde
759 411 910 458 Patres
936 410 1109 459 inceffit
1123 447 1137 470 ,
1158 428 1240 470 ne,
1260 411 1292 458 fi
1313 411 1465 460 dimis-

160 480 230 528 sus
262 481 486 529 exercitus
515 481 662 541 foret,
689 481 840 529 rursus
873 496 1021 530 coetus
1048 485 1221 532 occulti
1247 485 1463 547 conjura·

160 554 396 618 tionesque
433 553 607 602 fierent.
649 555 830 618 itaque,
855 573 1116 620 quanquam
1152 574 1231 620 per
1267 559 1463 605 diciam-

160 645 256 675 rem
274 628 466 674 deleclus
487 627 659 674 habitus
683 627 817 687 estet,
839 640 1017 687 tamen,
1040 631 1258 692 quoniam
1278 631 1326 678 in
1348 648 1465 679 con-

161 701 307 749 sulum
340 700 480 747 verba
515 700 756 763 jurassent,
787 700 1067 749 sacramento
1096 703 1240 750 teneri
1271 703 1463 751 militem

161 773 276 832 rati,
307 789 385 834 per
425 771 598 819 causam
632 774 846 820 renovati
879 774 935 820 ab
970 774 1128 837 AEquis
1160 775 1302 832 belli,
1329 777 1464 825 educi

161 865 217 895 ex
248 848 358 894 urbe
401 846 600 895 lc‹iones
635 845 804 907 juffere.
859 865 954 911 quo
987 847 1106 895 sacto
1144 861 1368 897 mlturata
1400 851 1464 898 est

162 919 338 968 seditio.
366 922 420 966 Et
442 920 588 981 primo
610 921 825 984 agitatum
849 922 1014 969 dicitur
1038 923 1091 968 de
1119 921 1357 971 consulum
1381 942 1464 972 cae·

164 994 246 1052 de,
286 1006 336 1039 ut
376 991 659 1038 solverentur
702 996 982 1041 {aeramento
1006 1015 1016 1042 ε
1066 997 1226 1043 doclos
1267 997 1428 1046 deinde
1448 1035 1465 1057 ,

164 1069 333 1115 nullam
357 1067 519 1114 scelere
546 1067 816 1131 religionem
835 1069 1042 1128 exsolvi,
1064 1071 1238 1118 Sicinio
1265 1073 1466 1135 quodam

164 1143 347 1189 auclore
365 1178 378 1200 ‚
404 1136 567 1201 inj‘uffu
595 1142 835 1190 consulum
866 1143 912 1190 in
938 1144 1122 1191 Sacrum
1156 1159 1363 1193 montem
1394 1147 1463 1195 se-

166 1216 330 1263 ceffiffe
361 1220 520 1276 (trans
552 1215 773 1262 Anienem
817 1233 994 1263 amnem
1031 1217 1126 1282 est)
1147 1221 1232 1266 tria
1262 1220 1317 1266 ab
1353 1221 1466 1269 urbe

164 1290 303 1338 millia
323 1289 535 1353 passuum,
566 1305 617 1336 ea
643 1289 923 1353 frequentior
949 1289 1065 1338 fama
1090 1292 1150 1338 est
1167 1328 1180 1347 ‚
1200 1310 1334 1355 quam
1351 1330 1365 1352 ‚
1389 1312 1468 1342 cu-

164 1364 234 1428 jus
257 1364 355 1411 Piso
389 1365 546 1411 auctor
565 1364 626 1411 est
644 1401 658 1424 ‚
677 1365 722 1410 in
746 1366 1024 1412 Aventinum
1059 1365 1345 1412 secessionem
1376 1366 1467 1415 fac-

166 1453 256 1488 tam
292 1439 390 1487 effe.
430 1440 494 1486 lbi
526 1440 618 1487 fine
649 1440 746 1486 ullo
771 1439 913 1497 duce,
941 1439 1064 1486 vallo
1096 1439 1297 1503 foffaque
1333 1458 1466 1488 com—

167 1513 354 1561 munitis
377 1512 527 1559 castris
544 1548 558 1571 ‚
581 1511 750 1577 quieti,
768 1530 862 1558 rem
891 1512 1060 1559 nullam
1083 1512 1162 1559 nisi
1183 1513 1468 1562 necessariam

168 1589 221 1635 ad
246 1587 418 1634 vicium
449 1587 693 1646 sumendo,
716 1604 794 1650 per
824 1587 998 1651 aliquot
1026 1588 1118 1635 dies
1149 1605 1296 1652 neque
1328 1588 1468 1637 laces-

168 1660 236 1706 siti
255 1696 268 1718 ,
299 1677 444 1724 neque
467 1660 747 1718 lacessentes,
774 1658 861 1706 sese
886 1673 1086 1707 tenuere.
1122 1662 1277 1707 Pavor
1308 1661 1481 1726 ingens-

168 1734 216 1779 in
241 1733 377 1792 urbe,
396 1745 608 1797 metuque
632 1746 794 1780 mutuo
816 1732 1020 1796 suspensa
1047 1746 1171 1780 erant
1191 1735 1360 1782 omnia.
1386 1735 1470 1784 Ti-

169 1825 291 1854 mere
311 1808 462 1855 relicla
479 1808 534 1855 ab
555 1807 640 1855 suis
661 1808 813 1872 plebes
836 1807 1108 1855 violentiam
1130 1810 1326 1871 patrum,
1346 1809 1472 1857 time·

168 1899 218 1930 re
252 1883 400 1930 Patres
431 1883 617 1930 residem
639 1883 685 1929 in
708 1883 819 1929 urbe
844 1882 1020 1945 plebem
1036 1918 1050 1941 ‚
1070 1882 1262 1942 incerti,
1287 1899 1469 1930 manere

170 1973 266 2005 eam
281 1993 294 2015 ‚
311 1973 367 2003 an
386 1957 507 2003 abire
527 1955 724 2003 mallent.
745 1974 877 2020 quam
899 1956 975 2002 diu
995 1968 1142 2002 autem
1163 1955 1469 2017 tranquillam,

171 2047 274 2093 quae
313 2029 559 2088 secess'erit,
592 2029 926 2075 multitudinem
958 2027 1090 2076 fore?
1127 2027 1235 2091 quid
1264 2026 1469 2076 futurum

170 2103 355 2163 deinde,
378 2104 408 2150 si
429 2104 555 2166 quod
584 2116 826 2150 externum
855 2103 1037 2150 interim
1061 2103 1231 2149 bellum
1259 2101 1468 2150 exfistat?

171 2177 342 2223 nullam
363 2176 570 2239 profesto
585 2214 598 2237 ‚
620 2177 698 2224 nisi
717 2177 763 2223 in
783 2177 1031 2226 concordia
1051 2176 1246 2232 civium,
1262 2176 1382 2239 spem
1402 2193 1471 2223 re-

170 2252 341 2316 liquam
357 2253 537 2300 ducere.
565 2270 661 2299 eam
684 2270 762 2316 per
785 2271 938 2312 acqua,
960 2268 1038 2314 per
1059 2252 1235 2314 iniqua,
1258 2251 1472 2298 reconci-

172 2325 366 2373 liandam
388 2326 561 2372 civitati
584 2326 682 2373 ess'e.
703 2326 875 2373 Placuit
895 2325 1032 2389 igitur
1053 2342 1282 2372 oratorem
1302 2326 1356 2371 ad
1374 2324 1469 2387 ple—

172 2400 412 2446 bem-mitti
433 2400 700 2446 Menenium
729 2400 1001 2463 Agrippam,
1024 2399 1269 2446 facundum
1293 2399 1469 2457 virum,

172 2475 222 2522 &
244 2473 369 2537 quod
395 2473 498 2521 inde
521 2472 740 2521 oriundus
759 2485 852 2520 erat
867 2508 879 2531 ,
897 2472 1017 2536 plebi
1038 2490 1203 2520 carum.
1231 2473 1295 2531 Is,
1317 2470 1466 2523 intro—,
