1680 2803
544 163 588 204 V
632 162 662 205 I
709 161 751 205 T
782 161 844 205 A.
1193 174 1348 209 xxvn

54 281 216 319 ventus
237 266 502 316 Hannibalis
521 268 570 322 in
597 267 770 314 Italiam
784 303 798 324 ‚
817 282 1007 330 eamque
1025 282 1266 332 propterea
1286 287 1354 317 re-

51 353 318 417 prehendit,
348 369 450 400 cum
488 350 610 396 nulla
641 348 933 413 diligentior,
964 350 1196 398 venustior
1216 388 1228 409 ‚
1249 352 1357 415 pul-

54 433 210 481 chr10r
244 444 347 480 toto
384 432 466 479 illo
509 432 555 479 in
590 448 729 494 opere
763 429 805 478 se
845 430 1123 494 spessandam
1159 433 1355 493 prodat,

52 514 154 561 satis
187 526 235 560 ut
264 507 370 561 hinc
399 514 568 578 liqueat
603 513 866 570 manifeste,
894 514 1052 578 quanti
1081 516 1238 578 capitis
1267 517 1356 562 hu-

54 592 124 656 jus
150 593 291 657 inepti
316 594 531 641 convicia
553 593 726 656 reliqua
747 592 892 641 facere
912 593 1164 641 debeamus.
1198 595 1358 641 Absol-

55 675 128 723 vit
155 675 301 737 itaque
329 674 514 721 latratus
543 673 646 721 suos
671 674 718 720 in
746 673 926 721 Livium
954 674 1120 721 Benius
1144 675 1227 723 hac
1251 692 1357 722 ver-

53 755 222 802 borum
250 754 364 800 strue
390 774 400 801 :
438 759 587 802 Livius
618 759 664 801 in
701 757 868 822 epistola
893 759 1077 817 quadam
1097 788 1111 811 ‚
1128 759 1273 817 filium
1299 758 1363 820 qd

55 840 329 898 eloquentiam
370 839 652 899 acl-spirantem
684 840 900 893 hortatur,
922 854 969 883 ut
991 841 1220 883 Ciceronem
1252 840 1359 883 dili-

57 934 197 980 genter
221 923 388 964 evolvat
405 953 419 975 ‚
441 916 483 964 ὅ*
506 922 689 964 imitetur
705 921 914 978 primum,
934 935 1021 963 tum
1045 934 1215 975 ceteros,
1229 934 1360 978 prout

56 1000 221 1062 quisque
253 1002 307 1068 est
341 1003 526 1047 Ciceroni
541 1001 798 1064 simillimus
815 1018 836 1056 ;
875 1003 923 1046 de
944 1000 1045 1061 fitis
1067 1001 1246 1060 scriptis
1267 1035 1281 1057 ,
1307 1019 1358 1045 ne

55 1086 218 1129 verbum
253 1088 416 1146 quidem
434 1102 450 1131 .·
486 1104 574 1148 quat
601 1102 764 1142 cametz,
780 1085 831 1150 si
851 1105 898 1131 ea
928 1088 1039 1130 tanti
1057 1082 1246 1148 feciffit,
1262 1086 1358 1143 filio

53 1168 150 1212 item
167 1201 181 1223 ,
204 1168 411 1214 Ciceronis
431 1174 618 1230 exemplo
634 1205 647 1225 ‚
671 1171 842 1231 legenda
862 1165 1148 1231 proposuiſjet.
1190 1164 1358 1228 Ecquis

54 1244 177 1291 enim
208 1245 322 1293 sanae
352 1247 516 1295 mentis
551 1260 675 1311 pater
696 1284 709 1306 ,
738 1249 787 1296 &
820 1247 993 1293 alienus
1031 1264 1056 1292 a
1089 1245 1201 1292 fastu
1221 1282 1234 1303 ,
1259 1244 1358 1291 filio

54 1324 138 1371 suo
167 1326 322 1372 audior
348 1328 544 1387 exstitit,
562 1342 612 1376 ut
637 1331 797 1377 relic‘cis
822 1330 1015 1377 aliorum
1049 1330 1263 1394 operibus
1285 1328 1358 1375 sua

55 1418 231 1453 tantum
257 1407 540 1457 evolveret?
584 1410 752 1458 Vident
784 1427 863 1473 per
902 1409 942 1456 se
978 1409 1151 1475 oculati
1186 1408 1358 1471 quique

58 1488 362 1551 arrogantiam
386 1489 612 1548 hominis,
633 1492 682 1538 δε
712 1490 927 1537 derident.
957 1489 1047 1535 Cui
1075 1488 1151 1535 ista
1172 1505 1267 1535 non
1295 1487 1358 1534 sa-

55 1566 332 1627 tisfecerint,
363 1569 606 1634 cupiatque
635 1571 906 1618 exaffiorem
936 1569 1243 1617 defensionem
1280 1568 1356 1614 Li-

55 1645 125 1693 vii
145 1647 354 1696 adversus
378 1648 564 1695 Benium
585 1649 781 1707 intueri,
799 1650 913 1713 legat
930 1650 965 1697 is
984 1649 1218 1712 epistolam
1240 1651 1353 1695 Lau·

57 1728 192 1774 rentii
226 1729 429 1792 Pignorii
459 1731 607 1777 XLIV
643 1729 903 1792 Balthaffari
936 1728 1179 1776 Bonifacio
1214 1727 1357 1792 scrip-

59 1823 166 1856 tam.
186 1811 383 1856 Fuerunt
401 1810 556 1871 etiam,
576 1811 656 1874 qui
677 1824 997 1876 quererentur,
1017 1827 1168 1857 rerum
1185 1809 1360 1873 aliqua-

58 1909 161 1941 rum
194 1895 459 1944 memoriam
486 1896 534 1943 in
567 1897 704 1944 Livio
738 1895 1079 1944 subobscuram:
1111 1894 1183 1940 sed
1217 1911 1382 1949 nemot

62 1991 258 2038 unquam
289 1976 452 2039 impius
485 1977 598 2025 adeo
628 1977 788 2036 fuerit,
812 1989 863 2024 ut
896 1993 990 2023 non
1025 1975 1090 2022 illi
1123 1974 1353 2040 ignoscat,

61 2054 221 2103 fatenti
261 2055 379 2107 libro
409 2060 471 2105 Vl
503 2057 718 2116 candide,
746 2060 795 2106 δε
829 2057 1037 2105 scribenti
1057 2094 1070 2115 ,
1084 2059 1160 2119 se,
1187 2077 1273 2120 quae
1300 2059 1355 2102 ab

59 2141 230 2184 condita
251 2142 344 2186 urbe
365 2143 506 2188 Roma
532 2144 594 2190 ad
619 2157 784 2202 captam
815 2143 984 2186 eandem
1017 2142 1154 2186 urbem
1189 2143 1353 2186 Roma-

61 2221 108 2262 ni
128 2219 211 2278 ffib
239 2222 423 2283 Regibus
439 2227 627 2284 primum
643 2259 657 2282 ,
679 2222 928 2282 Confitlibus
964 2224 1139 2279 deinde,
1167 2241 1217 2268 ac
1237 2224 1351 2268 Dic·

60 2303 260 2347 tatoribus
277 2337 291 2359 ,
311 2304 646 2366 Decemvirisque
661 2340 675 2362 ‚
704 2323 754 2350 ac
788 2304 986 2350 Tribunis
1017 2304 1317 2365 Consularibus
1336 2337 1351 2360 ,

59 2375 199 2441 geffire
212 2415 226 2436 ,
238 2380 354 2439 foris
375 2386 505 2442 bella,
527 2387 642 2430 domi
663 2385 895 2445 seditiones
910 2419 923 2441 ,
941 2387 1116 2445 quinque
1134 2387 1250 2428 libris
1270 2402 1349 2428 ex·

58 2456 236 2524 posuiffi
247 2478 269 2518 ,·
300 2480 361 2509 res
387 2482 480 2511 cum
509 2467 698 2534 vettgstate
719 2469 856 2513 nimia
875 2467 1066 2528 obfiuras
1084 2501 1098 2524 ,
1122 2467 1246 2512 veluti
1266 2482 1351 2526 quae
