1582 2793
297 195 890 245 HISTORIARUM
939 200 1073 245 LIB.
1123 199 1154 246 1.
1327 214 1388 262 79

94 320 208 353 vero
238 305 454 353 obeundo
476 304 675 369 pericula
695 321 745 351 ac
766 304 944 351 labores
962 341 976 363 ‚
1003 306 1168 368 pariter
1195 306 1390 370 praedam

92 379 306 428 munifice
343 379 604 443 largiendo,
628 390 749 424 tanta
774 378 956 426 caritate
983 379 1067 425 effe
1083 417 1096 436 ‚
1131 395 1178 427 ut
1200 398 1294 428 non
1316 396 1393 444 paq

94 466 165 500 ter
186 451 463 517 Tarquinius
497 452 734 516 potentior
761 453 922 499 Romae
939 470 1120 516 „quam
1149 454 1267 502 filius
1296 458 1393 503 Ga-

97 527 181 573 biis
205 527 326 574 ess'et.
356 529 538 590 Itaque,
566 524 806 589 postquam
828 525 928 572 satis
954 527 1124 572 virium
1153 529 1394 575 colleClum

96 600 153 646 ad
191 616 350 647 omnes
387 612 580 647 conatus
602 599 818 655 videbam
849 611 948 645 tum
979 616 1002 645 e
1033 599 1119 646 suis
1144 617 1283 646 unum
1313 603 1389 649 sci·

95 670 301 720 scitatum
319 673 517 720 Romam
548 673 604 718 ad
626 687 797 734 patrem
825 671 988 731 mittit,
1009 672 1225 736 quidnam
1255 674 1296 721 se
1327 675 1393 722 ta-

95 761 198 793 cere
219 745 360 793 vellet
378 782 392 803 ‚
423 744 794 809 quandoquidem
810 780 823 803 ‚
856 756 906 790 ut
925 744 1082 792 omnia
1100 762 1216 792 unus
1237 748 1397 795 Gabiis

97 820 243 882 postet
259 856 272 879 ‚
301 818 342 867 ei
361 820 445 867 Dii
464 816 694 866 dedissent.
725 818 843 865 Huic
863 817 1026 865 nuntio
1042 855 1056 877 ,
1077 819 1183 883 quia
1197 855 1210 877 ‚
1233 821 1398 877 credo,

99 893 247 939 dubia:
278 887 387 940 fidei
419 884 692 951 videbatur,
727 891 840 938 nihil
875 908 994 939 voce
1025 890 1287 956 responsum
1322 894 1399 941 est.

96 983 179 1014 rex
194 1004 207 1026 ‚
225 968 353 1015 velut
372 964 777 1024 deliberabundus,
802 965 849 1012 in
866 966 1054 1013 hortum
1082 966 1245 1014 aedium
1277 981 1399 1016 tran·-

99 1041 182 1100 fit,
215 1041 426 1106 sequente
447 1040 612 1088 nuntio
638 1039 748 1087 filii:
781 1040 872 1100 ibi,
900 1040 1186 1089 inambulans
1209 1043 1400 1103 tacitus,

100 1113 272 1162 summa
307 1130 588 1178 papaverum
617 1114 764 1175 capita
794 1113 960 1160 dicitur
993 1114 1159 1162 baculo
1191 1116 1402 1164 decuffis-

100 1184 158 1232 se.
195 1185 528 1250 lntevrrogando
561 1185 956 1249 exspectandoque
992 1186 1256 1249 responsum
1282 1206 1402 1236 nun-

101 1258 191 1305 tius
220 1257 384 1316 fessus,
417 1273 468 1305 ut
503 1274 550 1304 re
578 1258 839 1322 imperfecta
863 1294 879 1315 ,
913 1259 1030 1305 redit
1061 1260 1269 1318 Gabi0s3
1301 1279 1402 1326 quae

103 1330 274 1376 dixerit
304 1329 425 1392 ipse,
461 1345 656 1392 quaeque
683 1329 878 1389 viderit,
907 1329 1058 1377 refert.
1103 1331 1179 1379 seu
1207 1333 1301 1393 ira,
1329 1333 1403 1381 seu

103 1402 246 1459 odio,
272 1401 347 1447 seu
376 1399 582 1464 superbia
613 1401 743 1448 insita
767 1402 952 1464 ingenio
971 1438 984 1460 ,
1006 1403 1176 1449 nullam
1195 1420 1298 1451 eum
1319 1424 1403 1453 vo-

103 1491 207 1524 cem
235 1473 434 1521 emififfe.
464 1475 604 1521 Sexto
635 1475 736 1533 ubi,
766 1475 876 1538 quid
896 1475 1038 1522 vellet
1060 1493 1220 1539 parens
1239 1515 1252 1536 ‚
1274 1480 1402 1542 quid-

101 1564 164 1597 ve
193 1547 461 1612 praeciperet
489 1547 634 1595 tacitis
664 1547 954 1612 ambagibus,
978 1549 1151 1611 patuit3
1180 1552 1406 1613 primores

104 1621 341 1682 civitatis,
378 1621 666 1669 criminando
700 1621 814 1668 alios
849 1622 969 1684 apud
1001 1622 1254 1686 populum,
1290 1625 1407 1673 alios

105 1694 185 1742 sua
208 1695 330 1759 ipsos
357 1695 534 1743 invidia
567 1706 859 1760 opportunos
892 1694 1134 1741 interemit.
1165 1697 1295 1744 multi
1328 1715 1405 1761 pan

103 1763 221 1827 lam;
249 1769 462 1834 quidam,
483 1770 532 1816 in
556 1769 719 1834 quibus
744 1769 894 1816 minus
916 1768 1115 1831 speciosa
1144 1769 1406 1819 criminatio

104 1857 202 1893 erat
221 1845 376 1893 futura
395 1881 410 1905 ,
442 1844 559 1894 clam
586 1844 824 1892 interfecti.
858 1844 1007 1891 Patuit
1034 1844 1300 1908 quibusdam
1318 1862 1406 1894 vo·

105 1921 303 1969 lentibus
325 1920 458 1985 fuga,
490 1931 569 1968 aut
585 1920 634 1966 in
659 1919 864 1966 exsilium
886 1919 970 1966 affl
987 1917 1112 1976 sunt,
1136 1918 1408 1968 absentium-³

75 1991 200 2058 'que
235 1994 358 2040 bona
393 1991 522 2054 juxta
556 2004 690 2056 atque
721 1991 1072 2038 interemtorum
1106 1991 1272 2039 divisui
1304 1992 1406 2041 fue*

108 2083 173 2114 re.
210 2064 488 2130 Largitionis
510 2065 615 2111 inde
646 2064 899 2128 praedaeque
927 2065 978 2111 &
996 2064 1234 2112 dulcedine
1252 2067 1408 2129 priva«

108 2141 145 2189 ti
179 2139 446 2198 commodi,
476 2139 624 2186 sensus
656 2139 884 2187 malorum
917 2139 1206 2203 publicorum
1235 2141 1407 2200 adimi;

112 2214 261 2262 donec
276 2250 292 2273 ,
326 2214 437 2261 orba
466 2214 661 2262 consilio
692 2214 959 2279 auxilioque
978 2249 993 2274 ,
1022 2215 1201 2262 Gabina
1224 2233 1293 2263 res
1313 2216 1410 2280 regi

113 2290 330 2337 Romano
354 2289 446 2336 fine
480 2289 571 2336 ulla
598 2289 894 2337 dimicatione
924 2289 972 2336 in
995 2306 1177 2336 manum
1202 2291 1408 2338 traditur.

188 2365 283 2410 LV.
326 2362 484 2410 Gabiis
520 2362 747 2426 receptis,
788 2361 1066 2427 Tarquinius
1108 2380 1265 2426 pacem
1304 2380 1409 2410 cum

115 2437 374 2501 AEquorum
415 2448 546 2501 gente
578 2436 718 2486 fecit:
757 2436 909 2485 foedus
945 2455 1048 2486 cum
1075 2437 1235 2486 Tuscis
1269 2454 1408 2484 reno-

115 2511 264 2562 vavit.
301 2510 410 2561 Inde
436 2510 493 2560 ad
521 2512 707 2578 negotia
731 2512 906 2562 urbana
929 2512 1132 2560 animum
1158 2513 1409 2562 convertit.
