1582 2793
182 227 245 272 70
542 210 1121 260 T1T1L1v11

169 321 453 386 spici-finis?
479 318 639 385 Faceſje
673 323 771 366 lzz'rzc
803 322 1089 382 Tarquinios,
1125 337 1203 366 aut
1228 321 1486 367 Corinthum.

181 400 420 443 Dc1›·0lvere
439 413 541 442 retro
560 399 621 442 ad
631 399 801 463 stirpem
819 432 832 451 ‚
857 397 992 455 fratri
1001 396 1219 459 fimilior,
1250 415 1377 458 quam
1398 415 1489 458 pa·-

180 477 248 519 ιη’.
285 472 367 518 His
392 470 579 535 aliisque
604 470 884 532 increpando
916 469 1134 532 juvenem
1162 469 1370 534 instigat,
1400 485 1488 517 nee

181 543 507 608 conquiescere
529 542 622 606 ipsa
646 542 818 606 potest:
841 541 878 588 ‘fi
895 578 909 601 ‚
942 559 1047 589 cum
1074 543 1330 607 Tanaquil,
1357 559 1487 606 pere-

182 618 313 685 grina
343 618 535 675 mulier,
571 627 747 662 tantum
781 614 935 662 moliri
967 616 1184 678 potuisset
1213 617 1398 675 animo,
1434 628 1488 664 ut

183 691 278 736 duo
296 689 516 738 continua
544 705 704 752 regna,
725 687 830 735 viro
846 723 860 747 ,
879 705 932 734 ac
959 688 1172 751 deinceps
1191 705 1359 753 genero
1377 726 1390 748 ,
1412 689 1488 736 de-

180 765 333 822 diffet3
366 764 485 827 ipsa,
506 763 632 827 regio
654 762 820 810 semine
851 775 953 809 orta
967 799 980 823 ‚
1002 763 1179 810 nullum
1200 776 1487 812 momentum

179 838 228 885 in
263 840 413 886 dando
444 838 792 903 adimendoque-
814 856 956 903 regno
989 838 1167 886 faceret.
1205 840 1287 887 His
1322 839 1486 887 mulie-

180 913 582 959 b1·ibu5instinchis
599 912 727 959 furiis
743 913 1022 977 Tarquinius
1041 913 1278 961 circumire
1293 915 1343 961 ὅ(
1360 931 1489 978 pren-

179 986 275 1033 sare
303 986 536 1033 minorum
572 987 767 1032 maxime
795 986 996 1050 gentium
1024 989 1203 1035 Patres:
1238 989 1485 1037 admonere

181 1061 358 1124 paterni
387 1059 621 1119 beneficii,
651 1078 704 1107 ac
725 1077 811 1123 pro
839 1077 896 1106 eo
918 1061 1103 1124 gratiam
1126 1074 1353 1125 repetere:
1387 1061 1485 1110 alli-

181 1150 286 1180 cere
314 1133 448 1179 donis
470 1132 685 1194 juvenes:
717 1146 811 1180 tum
833 1134 886 1180 de
906 1133 947 1180 se
965 1135 1165 1200 ingentia
1190 1136 1486 1199 pollicendO,

180 1221 276 1253 tum
293 1206 408 1270 regis
426 1206 939 1266 criniinibus‚omnibus
958 1208 1073 1256 locis
1092 1208 1303 1257 crescere.
1322 1209 1486 1272 postre-

179 1298 258 1327 mo
275 1317 290 1339 ,
311 1293 359 1326 ut
386 1279 475 1343 jam
495 1280 678 1344 agendae
707 1280 771 1326 rei
797 1292 977 1345 tempus
997 1281 1145 1330 visum
1178 1282 1268 1341 est,
1295 1283 1488 1347 stipatus

179 1353 359 1415 agmine
386 1364 667 1400 armatorum
684 1389 698 1411 ‚
731 1352 779 1399 in
808 1353 963 1400 forum
987 1354 1175 1419 irrupit:
1208 1356 1344 1416 inde,
1377 1373 1484 1405 om-

178 1429 317 1475 nibus
338 1427 551 1491 perculsis
571 1444 747 1490 pavore
763 1465 776 1486 ‚
813 1427 860 1475 in
891 1429 1011 1493 regia
1035 1429 1135 1477 sede
1158 1446 1246 1493 pro
1267 1431 1388 1478 curia
1412 1431 1482 1479 se-

176 1502 316 1560 dens,
353 1496 504 1549 Patres
539 1499 587 1546 in
624 1500 792 1548 curiam
828 1518 909 1564 per
948 1519 1212 1566 praeconem
1248 1503 1304 1550 ad
1330 1521 1482 1569 regem

176 1575 484 1640 Tarquinium
505 1574 635 1623 citari
661 1573 793 1637 juffit.
821 1577 1102 1624 Convenere
1122 1577 1354 1642 extemplo
1368 1615 1382 1638 ‚
1403 1578 1483 1627 alii

174 1649 263 1713 jam
294 1663 397 1698 ante
420 1650 476 1698 ad
493 1650 584 1698 hoc
605 1650 875 1714 praeparati,
909 1651 986 1698 alii
1009 1663 1161 1712 metu,
1191 1669 1247 1699 ne
1268 1669 1366 1700 non
1395 1669 1482 1700 ve-

176 1725 286 1773 niffe
328 1724 473 1772 fraudi
511 1725 647 1785 effer,
683 1725 894 1772 novitate
930 1743 981 1773 ac
1010 1726 1235 1774 miraculo
1265 1727 1483 1788 attoniti,

173 1801 226 1849 ὅ(
252 1800 339 1860 jam
360 1800 413 1846 de
429 1800 590 1849 Servio
621 1801 767 1846 aitum
787 1801 882 1849 rati.
912 1801 978 1848 Ibi
1005 1800 1311 1865 Tarquinius,
1337 1801 1482 1849 male-

176 1873 295 1921 dieta
326 1874 380 1921 ab
412 1873 548 1938 stirpe
577 1874 734 1921 ultima
769 1874 895 1922 orsus
919 1893 929 1922 :
960 1879 1160 1934 Servum,
1171 1876 1375 1938 servaque
1400 1897 1484 1923 na-

172 1965 288 2005 tum,
317 1947 411 2014 post
433 1964 601 1993 mortem
636 1950 860 2010 indignam
883 1951 1077 2009 parentis
1097 1948 1175 2009 fici
1192 1983 1209 2004 ,
1238 1968 1325 1995 non
1353 1952 1480 1997 inter·

175 2040 297 2083 regno
314 2057 327 2078 ,
355 2038 402 2067 uc
419 2039 542 2068 antea
562 2058 578 2079 ,
608 2024 742 2077 inito,
775 2041 863 2067 non
887 2024 1071 2067 comitiis
1089 2023 1273 2080 habitis,
1305 2040 1393 2068 non
1402 2042 1483 2084 per

159 2093 417 2158 fitffiagium
436 2100 620 2158 populi,
655 2115 741 2142 rzorz
776 2096 1014 2142 anaor-ibus
1036 2098 1264 2153 Patribus,
1289 2099 1481 2143 muliebri

172 2172 284 2214 dono
301 2188 470 2231 regnum
492 2170 718 2235 occupaffi.
754 2174 823 2217 Ita
844 2188 994 2217 natum
1011 2205 1024 2228 ,
1045 2174 1107 2216 ita
1126 2187 1302 2217 creatum
1322 2189 1479 2234 regem,

162 2240 375 2302 fautorem
399 2246 537 2303 infimi
558 2248 721 2306 generis
741 2247 961 2290 hominum
976 2278 988 2299 ,
1005 2262 1059 2289 ex
1081 2261 1162 2304 quo
1181 2243 1356 2308 il'fistt’
1377 2247 1478 2291 odio

167 2317 317 2361 alienae
342 2319 563 2384 honestatis
591 2336 768 2379 ereptum
790 2319 1051 2378 primoribus
1088 2336 1236 2380 agrum
1257 2317 1478 2378 sordidiſs-

161 2386 270 2450 fimo
306 2392 449 2449 cuique
484 2388 697 2454 divistffi:
738 2392 883 2435 omnia
917 2407 1040 2434 onera
1059 2425 1074 2446 ‚
1111 2407 1198 2451 quae
1236 2393 1478 2436 communia

168 2466 383 2524 quondam
396 2463 590 2522 fiterirzt,
627 2460 844 2527 inclirzaffi
871 2466 916 2508 irz
935 2466 1141 2524 primores
1163 2466 1379 2510 civitatis.-
1408 2466 1478 2509 in-

151 2535 330 2603 flicuiffie
353 2539 543 2600 cerzficm,
573 2554 621 2583 ut
639 2538 820 2603 insignis
848 2539 910 2583 ad
927 2540 1142 2583 invidiam
1161 2539 1474 2599 locupletiorum
