1680 2803
379 147 505 218 DE
577 170 1018 222 T.L1V10.
1276 184 1382 221 xcv

401 304 437 348 L
455 315 477 347 Ι
492 316 528 351 V
539 316 559 348 l
574 315 600 349 I
639 303 716 348 alii
738 303 915 364 firiptIs
943 304 1064 348 clari.

148 429 274 480 Aiius
306 431 360 479 ab
391 442 590 495 utroque
623 431 710 478 fuit
747 430 803 495 Ι)
840 432 986 479 Livius
1018 429 1160 494 patria
1191 436 1349 481 Poefzus
1369 470 1384 494 ,

83 521 221 584 quem
253 505 462 552 Valerius
493 505 706 569 quidam
696 523 741 551 m
768 505 967 568 Epistola
992 507 1046 554 ad
1066 505 1309 564 Rufinum,
1330 509 1386 554 de

82 595 180 626 non
200 579 403 625 ducenda
425 595 591 636 uxore,
607 597 708 643 quae
730 579 1020 643 legiturinter
1042 581 1197 643 Opera
1217 580 1257 626 S.
1274 580 1387 628 Hie-

80 651 268 715 ronymi
283 687 296 709 ‚
320 670 487 714 gravem
519 649 561 697 G
597 669 825 699 uxoratum
853 653 1223 718 historiographum
1246 666 1385 700 vocat

82 723 245 789 (forte
273 723 559 772 confundens
585 742 687 772 eum
723 743 826 773 cum
862 726 919 774 T.
944 727 1123 788 Livio)
1161 727 1385 791 refertque

83 799 155 846 his
176 800 327 847 verbis
356 798 688 862 reprehendisse
719 799 947 846 Cannium
966 837 980 859 ‚
1005 820 1028 848 a
1043 802 1252 849 ‘Gadibus
1274 804 1386 849 Her-

85 874 198 922 culis
226 874 411 920 Poetam
444 873 667 921 facundiae
699 873 811 920 lenis
830 875 879 921 &
896 872 1134 935 jucundae,
1158 875 1386 940 (Martia-—

82 947 116 994 li
131 984 145 1006 ,
169 948 246 1012 qui
268 947 361 1010 ejus
381 947 496 1011 saepe
529 947 764 1006 meminit,
793 948 1048 1012 aequalem)
1072 950 1198 1012 quod
1219 950 1385 996 multa—

82 1037 181 1066 rum
202 1022 415 1083 gauderet
434 1019 693 1067 amoribus:
714 1021 911 1087 Nostram
937 1021 1258 1081 Plzilofhplziam
1280 1041 1384 1082 par--

81 1096 253 1156 ticlpare
280 1115 367 1141 non
388 1098 689 1157 poteris‚·dzcm
709 1115 736 1141 a
752 1112 814 1141 tot
827 1095 1118 1156 participaris.
1150 1099 1253 1142 Notz
1275 1100 1383 1142 enim

82 1187 127 1215 eo
149 1169 290 1228 jecore
319 1170 528 1216 sunonem
565 1187 683 1216 amat
716 1171 878 1224 Titius,
906 1174 1020 1232 quod
1051 1174 1174 1217 multi
1204 1175 1385 1217 vultures

80 1245 127 1288 in
152 1247 287 1288 multa
321 1245 537 1290 divellunt.
582 1241 729 1302 Hujus
766 1241 889 1289 Livii
926 1242 1096 1290 nullam
1127 1240 1227 1290 fieri
1259 1260 1385 1291 men-

80 1316 256 1363 tionem
289 1317 336 1363 in
371 1317 591 1380 praeclaro
623 1315 769 1363 Voffii
802 1332 941 1380 opere
970 1316 1023 1363 de
1050 1316 1291 1365 Historicis
1319 1318 1386 1365 Ia-

78 1388 219 1448 tinis,
251 1389 439 1436 miratur
475 1389 762 1437 CoIomefius
798 1389 920 1437 notis
953 1390 1007 1437 ad
1040 1390 1300 1455 Gyraldum
1330 1391 1385 1438 de.

78 1463 231 1511 Poetis
261 1480 305 1526 p.
339 1479 445 1527 235.
481 1463 608 1512 Alius
646 1462 696 1529 2)
732 1467 910 1522 Livius,
935 1467 1069 1511 Poeta
1095 1465 1381 1531 Christianus,

78 1537 233 1584 seculo
265 1537 366 1600 post
397 1549 551 1585 natum
587 1539 815 1586 Christum
850 1539 1018 1604 quinto
1055 1539 1229 1598 clarus,
1255 1539 1384 1602 cujus

78 1609 287 1656 meminit
306 1610 573 1658 Honoratus
595 1612 642 1676 in
665 1613 758 1659 vita
778 1613 938 1659 Hilarii
960 1612 1241 1660 Arelatenfis.
1277 1612 1384 1659 Vid-

75 1682 202 1746 Casp.
234 1684 402 1731 Barthii
425 1685 614 1733 Advers.
634 1688 844 1744 XLVIII,
875 1688 942 1733 16.
972 1687 1198 1733 Praetereo
1232 1685 1282 1751 3)
1306 1690 1384 1733 Li·-
1440 1727 1443 1730 .

76 1760 193 1805 vium
213 1761 513 1806 Andronicum
532 1760 778 1824 Tragicum
798 1760 985 1808 latinum
1011 1760 1381 1824 antiquiflimum,

76 1833 132 1879 de
162 1849 254 1896 quo
289 1832 405 1880 infra
434 1833 553 1880 fibro
579 1836 655 1881 IV.
688 1837 738 1883 ὃς
767 1835 821 1881 de
850 1851 1049 1897 quorum
1075 1834 1249 1898 scriptis
1271 1835 1383 1881 nihil

75 1906 280 1966 constat,
300 1911 351 1954 ut
379 1905 435 1971 4)
473 1911 642 1955 Livium
659 1945 672 1966 ‚
691 1908 882 1973 Augusti
911 1909 1180 1956 tabularium
1208 1910 1383 1957 Atalia-

75 1995 184 2024 num
209 1978 253 2023 in
275 1979 419 2027 veteri
448 1979 743 2039 inscriptione
771 1981 890 2043 apud
920 1982 1052 2027 Laur.
1087 1982 1302 2045 Begerum
1323 1984 1382 2029 V.

75 2052 132 2098 C.
152 2051 198 2097 in
224 2051 457 2116 spicilegio
481 2051 775 2117 Antiquitatis
805 2071 849 2116 p.
879 2054 956 2115 78.
986 2054 1061 2101 vel
1093 2054 1290 2119 denique
1310 2072 1383 2102 re·
1443 2055 1446 2059 ’

73 2123 328 2183 cenum-09,
353 2137 403 2172 ut
439 2124 489 2189 ς)
530 2128 674 2172 Titum
706 2130 874 2174 Livium
905 2130 1207 2186 Buractimcm,
1243 2130 1380 2194 Regis

71 2197 371 2244 Poloniarum
401 2197 710 2245 Architectum
727 2235 740 2258 ‚
767 2198 896 2262 cujus
927 2198 1076 2247 literas
1101 2201 1156 2247 ad
1175 2200 1218 2247 se
1242 2201 1384 2264 scrip-

71 2283 138 2320 tas
159 2273 342 2321 exhibet
369 2273 638 2322 Athanasius
673 2275 922 2323 Kircherus
956 2277 1012 2323 T.
1049 2293 1090 2322 2.
1119 2277 1275 2340 OEdipi
1304 2277 1383 2324 AE-

70 2359 201 2410 gypt.
221 2359 346 2410 parte
380 2365 421 2395 2.
446 2366 489 2412 p.
514 2364 620 2412 303.
640 2347 703 2413 6)
741 2353 807 2396 M.
827 2354 995 2398 Livium
1014 2353 1227 2397 Sanucum
1254 2349 1383 2410 cujue

71 2421 363 2483 Geographia
399 2422 550 2470 Italice
586 2424 761 2486 prodiit
796 2425 959 2471 Vener.
996 2425 1130 2488 1588.
1154 2427 1198 2468 8.
1232 2421 1292 2486 7)
1331 2425 1381 2469 T.

70 2496 508 2562 Livii-Forojulimfis
530 2496 696 2548 librum
717 2498 770 2547 de
795 2498 890 2549 vita
909 2497 1100 2546 Henrici
1124 2498 1183 2560 V,
1205 2495 1383 2561 Angliae
