1582 2793
270 201 1172 252 HlsTORrARUML113.11.
1285 218 1372 264 107

75 310 331 371 traxissent,
363 323 467 359 ante
495 309 692 357 tribunal
713 310 827 371 reois
851 310 1110 371 destitutus,
1142 324 1235 358 tum
1257 329 1374 376 quo-

75 399 192 446 que,
223 384 339 430 inter
368 392 514 429 tantas
542 381 741 429 fortunae
765 381 942 438 minas,
974 384 1242 430 metuendus
1275 402 1374 431 ma-

73 454 141 517 gis
159 491 175 514 ‚
205 472 338 519 quam
365 466 596 513 metuens,
632 457 856 501 Romanus
883 456 1014 516 stim,
1043 455 1224 518 inquit,
1253 460 1374 505 civis.

79 534 125 576 C.
154 533 344 577 Mucium
381 546 545 576 vocant.
586 531 712 595 hostis
738 529 884 595 hostem
915 532 1093 576 occidere
1120 535 1249 577 volui.
1300 552 1373 578 nec

73 606 137 650 ad
163 620 332 650 mortem
351 608 494 650 minus
515 606 652 650 animi
675 604 751 670 est,
783 602 1014 664 qztamfitit
1038 605 1099 648 ad
1115 608 1275 651 caedem.
1313 610 1374 652 Et

64 675 206 735 facere
234 674 277 722 G*
287 681 385 737 pati
392 676 531 735 fortia
548 711 562 734 ‚
580 679 825 722 Romanum
845 679 915 743 est.
945 680 1033 723 Nec
1052 695 1162 722 unus
1186 681 1231 723 itz
1253 695 1289 724 te
1304 697 1376 740 ego

72 750 151 794 hos
179 753 346 796 animos
362 749 463 812 geſji
474 767 491 794 :
512 754 662 811 longus
674 752 771 816 post
791 768 854 795 me
885 754 988 796 ordo
1013 751 1066 815 est
1096 753 1205 796 idem
1232 768 1373 812 peten-

73 824 178 868 tium
209 825 342 869 decus.
376 824 563 876 Proinde
589 827 634 868 in
663 826 740 868 lioc
772 825 818 868 di
840 826 991 869 crimen
1008 859 1023 881 ‚
1045 824 1098 888 si
1109 825 1268 883 juvat,
1301 845 1377 872 ac-

73 896 230 955 cingere
246 929 261 951 ,
294 911 342 940 ut
363 896 409 940 itz
424 895 624 959 singulas
643 898 769 940 boras
797 899 930 956 capite
961 900 1134 943 dimices
1152 915 1225 944 tuo
1238 917 1258 955 ;
1279 899 1376 958 fer-

71 984 165 1014 rum
197 968 422 1033 hostemque
442 970 488 1014 in
512 968 706 1034 vestibulo
725 969 878 1013 habeas
910 970 1041 1030 regioe.
1082 972 1181 1017 Hoc
1210 972 1377 1030 tibi‘ju-

72 1055 219 1088 ‘Ventus
238 1042 439 1086 Romana
456 1043 687 1086 indicimus
702 1043 870 1089 bellum.
902 1045 1085 1089 Nullam
1105 1047 1234 1090 aciem
1246 1082 1260 1101 ,
1278 1048 1378 1092 nul-

49 1115 160 1159 ‘lum
180 1117 376 1174 proelium
393 1116 596 1160 timueris.
640 1116 736 1160 Um·
763 1118 868 1172 tibi,
903 1114 945 1163 δ’
974 1134 1064 1162 cum
1080 1117 1296 1180 stngulis,
1315 1138 1375 1165 res

74 1190 160 1234 erit.
185 1186 308 1233 Cum
330 1202 410 1233 rex
428 1222 441 1244 ,
462 1186 589 1233 fimul
607 1186 672 1233 ira
693 1187 918 1245 infensus,
944 1189 1238 1255 periculoque
1266 1208 1376 1238 con·

73 1262 282 1320 territus,
312 1260 585 1322 ‚circumdari
623 1260 747 1325 ignes
784 1263 1125 1313 minitabundus
1163 1265 1339 1328 juberet
1358 1305 1376 1327 ,

73 1336 157 1384 nifi
176 1332 464 1400 expromeret
490 1352 716 1399 propere,
746 1354 856 1401 quas
885 1338 1143 1387 infidiarum
1174 1341 1254 1388 fibi
1284 1342 1377 1388 mi-

72 1427 153 1459 nas
185 1429 265 1475 per
294 1411 499 1475 ambagas
520 1409 717 1473 jaceret:
750 1415 825 1459 Efz
847 1417 924 1460 tibi
942 1450 955 1473 ‚
991 1415 1141 1480 inquit
1160 1455 1176 1475 ,
1206 1438 1253 1466 uc
1267 1421 1374 1480 sen-

71 1489 158 1533 tias
173 1523 187 1543 ,
224 1506 347 1548 quam
375 1488 458 1533 vile
484 1504 630 1546 corpus
649 1485 715 1549 stt
740 1489 822 1544 ii5‚
856 1492 930 1549 qui
967 1508 1168 1551 magnam
1194 1496 1375 1554 gloriam

74 1561 249 1606 vident:
280 1558 577 1620 dextramque
610 1559 800 1604 accenso
831 1559 887 1606 ad
919 1559 1187 1611 sacrificium
1215 1563 1377 1613 foc'ulo

75 1629 238 1692 injicit.
274 1647 407 1694 quam
439 1647 544 1678 cum
578 1629 709 1677 velut
748 1631 946 1679 alienato
982 1635 1038 1681 ab
1068 1635 1193 1683 sensu
1225 1649 1376 1684 torre-

75 1717 144 1753 ret
164 1705 348 1762 animo3
381 1720 524 1768 prope
542 1704 766 1753 attonitus
791 1707 1017 1755 miraculo
1039 1725 1119 1755 rex
1137 1746 1151 1766 ‚
1189 1728 1294 1757 cum
1320 1710 1374 1757 ab

78 1780 178 1827 sede
197 1779 269 1828 sua
287 1778 557 1844 profiluiffet
572 1815 585 1838 ,
611 1780 916 1846 amoverique
935 1783 991 1829 ab
1011 1783 1226 1832 altaribus
1245 1784 1377 1847 juve-

76 1871 180 1900 nem
200 1853 381 1916 juffiss'et
394 1890 408 1914 ‚
429 1857 493 1900 Tu
510 1873 603 1901 vero
621 1857 694 1900 abi
708 1891 722 1913 ‚
752 1854 901 1919 inquit
914 1892 928 1914 ‚
952 1860 997 1903 in
1015 1875 1052 1905 te
1070 1863 1230 1922 magis,
1249 1879 1374 1921 quam

77 1931 123 1976 in
142 1947 204 1974 me
217 1931 417 2012 ,hostilia
436 1929 573 1990 ausus.
595 1930 781 1977 Juberem
803 1932 930 1977 mizHe
947 1937 1094 1979 virtute
1119 1933 1221 1996 effe,
1235 1935 1375 2000 sipro

78 2022 168 2050 mea
183 2006 330 2064 patria
351 2005 426 2070 ista
444 2019 578 2049 virtus
585 2005 727 2070 staret
759 2006 808 2050 N
807 2023 886 2050 utzc
898 2006 992 2062 jure
1013 2009 1108 2052 belli
1127 2010 1296 2054 liberum
1314 2023 1376 2068 te,

78 2079 277 2126 intac'lum
306 2081 634 2140 inviolatumque
662 2081 760 2124 hinc
790 2083 970 2129 dimitto.
1015 2080 1137 2127 Tum
1169 2081 1378 2141 Mucius,

77 2152 201 2216 quast
222 2169 512 2200 remunerans
531 2153 742 2201 meritum
759 2191 773 2213 ,
792 2158 1143 2218 Quandoquidem
1158 2192 1172 2215 ‚
1200 2155 1347 2220 inquit
1361 2192 1376 2214 ,

78 2229 263 2295 estapud
275 2244 311 2274 ce
328 2230 472 2274 virtuti
490 2231 622 2274 honos
637 2263 652 2285 ‚
673 2245 722 2274 ut
736 2231 925 2289 beneficio
944 2233 1087 2276 tuleris
1111 2250 1139 2276 a
1161 2250 1247 2289 me,
1265 2233 1379 2292 quod

78 2303 210 2347 minis
227 2302 398 2366 nequisti
405 2320 426 2357 ‚⁴
441 2304 605 2348 trecenti
626 2302 942 2359 conjuravimus
951 2304 1377 2366 princzjcvesjuvemu-

77 2377 135 2421 tis
153 2376 384 2435 Romanae,
409 2393 456 2423 uc
481 2379 526 2423 in
551 2393 588 2422 te
611 2379 689 2422 hac
706 2381 779 2423 via
801 2375 1086 2443 graffizremur.
1119 2381 1221 2424 Mea
1230 2381 1378 2438 prima

70 2448 284 2512 sorsfuit.
321 2452 463 2509 ceteri,
482 2467 529 2497 ut
546 2453 687 2510 cuique
705 2454 891 2498 ceciderit
899 2454 1042 2512 primo
1056 2485 1071 2508 ,
1094 2453 1235 2511 quoad
1249 2467 1284 2495 tc
1301 2469 1380 2512 op-

74 2539 302 2584 portunum
310 2523 495 2583 fortuna
505 2526 684 2582 dederit,
693 2524 779 2586 fito
797 2525 965 2587 quisque
979 2540 1175 2584 tempore,
1188 2525 1382 2572 aderunt-¹
