1582 2793
221 191 811 239 HISTORIARUM
860 193 1113 241 LIB.111.
1253 195 1340 257 189

64 300 240 366 giussab
268 301 376 346 urbe
396 298 587 345 hostium
609 297 917 358 abscederent,
947 317 1004 346 eo
1029 301 1244 349 solutiore
1268 321 1346 351 cu-

66 390 116 420 ra
146 373 190 418 in
216 370 475 419 Lucretium
501 369 709 416 incidunt
742 369 1002 428 consulem,
1028 373 1114 433 jam
1144 388 1245 421 ante
1264 392 1346 421 ex-

69 445 260 508 ploratis
287 443 520 490 itineribus
541 442 626 490 suis
645 443 902 490 instruitum
919 480 933 502 ‚
966 447 1014 493 ὃ(
1044 448 1097 492 ad
1122 462 1347 495 certamen

71 520 308 567 intentum.
342 520 481 583 Igitur
497 556 510 577 ‚
529 520 789 583 praeparatis
807 520 964 567 animis
979 557 992 578 ,
1013 523 1250 583 repentino
1269 541 1351 586 pa-

71 610 185 640 vore
207 592 433 656 perculsos
466 593 642 650 adorti,
676 594 907 658 aliquanto
935 595 1173 658 pauciores
1198 598 1353 643 multi-

71 667 275 714 tudinem
302 668 528 730 ingentem
553 666 748 714 fundunt
766 668 1039 733 fugantque;
1068 671 1117 716 &
1140 672 1352 733 compul-

74 739 145 786 sos
177 739 224 786 in
256 756 387 787 cavas
413 739 579 799 valles,
614 757 718 787 cum
739 741 885 788 exitus
914 741 1032 788 haud
1067 741 1112 787 in
1147 741 1264 789 facili
1288 742 1355 787 es-

9 865 20 879 ι
76 812 205 871 sent,
237 813 617 860 circumveniunt.
660 814 723 860 lbi
758 814 977 862 Volscum
1014 824 1183 862 nomen
1213 832 1357 878 prope

75 886 270 933 deletum
302 885 377 932 est.
409 885 622 932 tredecim
644 887 782 934 millia
812 888 1162 951 quadringentos
1187 887 1359 950 septua-

77 959 200 1023 ginta
221 958 422 1006 cecidisse
441 958 487 1004 in
509 959 602 1005 acie
623 975 674 1006 ac
694 959 795 1022 fuga
810 995 824 1019 ,
842 959 964 1006 mille
984 961 1201 1008 ducentos
1226 961 1362 1024 quin-

79 1033 294 1096 quaginta
324 1032 466 1080 vivos
497 1044 676 1096 captos,
708 1032 825 1098 signa
858 1033 1019 1097 viginti
1048 1034 1210 1096 septem
1238 1034 1362 1081 mili-

80 1105 192 1151 taria
218 1104 356 1151 relata
372 1141 386 1163 ‚
422 1104 469 1151 in
495 1104 759 1168 quibusdam
787 1107 1021 1153 annalibus
1047 1107 1252 1154 invenio.
1286 1108 1362 1155 ubi

80 1177 159 1225 etsi
189 1176 406 1239 adjefium
437 1178 606 1241 aliquid
641 1196 830 1226 numero
857 1180 932 1240 fit,
959 1198 1116 1245 magna
1138 1195 1256 1230 certe
1276 1199 1366 1230 cae-

81 1253 159 1300 des
177 1251 276 1299 fuit.
305 1252 464 1299 Victor
486 1252 644 1299 consul
663 1289 676 1311 ‚
703 1252 876 1318 ingenti
902 1255 1052 1317 praeda
1071 1255 1270 1318 potitus,
1293 1273 1367 1303 ea-

84 1327 252 1375 demin
271 1325 432 1373 stativa
459 1325 604 1373 rediit.
632 1329 751 1374 Tum
778 1327 983 1374 consules
1004 1327 1142 1375 castra
1169 1327 1367 1391 conjun-

82 1412 225 1465 gunt:
262 1400 312 1446 &
347 1398 506 1446 Volsci
540 1399 766 1464 AEquique
808 1400 987 1447 afflictas
1024 1401 1142 1447 vires
1180 1400 1278 1448 suas
1319 1402 1369 1447 in

85 1494 227 1523 unum
262 1474 512 1522 contulere.
548 1475 702 1522 Tertia
736 1475 812 1522 illa
844 1493 994 1541 pugna
1027 1493 1082 1523 eo
1109 1493 1231 1524 anno
1270 1476 1370 1524 fuit.

86 1550 240 1595 eadem
261 1547 445 1594 fortuna
464 1547 702 1595 victoriam
721 1548 852 1596 dedit.
875 1547 978 1596 fufis
993 1548 1222 1609 hostibus,
1238 1550 1370 1597 etiam

87 1622 225 1668 castra
254 1632 396 1683 capta.

154 1696 235 1741 IX.
266 1695 336 1741 Sic
368 1710 436 1740 res
461 1694 665 1740 Romana
696 1694 742 1741 in
777 1695 1013 1759 antiquum
1036 1696 1188 1743 statum
1215 1696 1370 1744 rediit:

90 1767 385 1831 secundaeque
414 1767 519 1814 belli
548 1784 617 1814 res
644 1769 874 1832 extemplo
900 1770 1096 1818 urbanos
1122 1783 1276 1817 motus
1294 1787 1373 1816 ex-

92 1840 359 1888 citaverunt.
388 1841 441 1887 C.
461 1840 735 1886 Terentillus
764 1841 871 1888 Arsa
902 1842 1106 1890 tribunus
1140 1843 1281 1906 plebis
1315 1859 1374 1890 eo

91 1930 214 1960 anno
244 1912 340 1962 fuit.
376 1913 438 1972 is,
473 1913 728 1960 consulibus
757 1914 1008 1963 absentibus
1028 1953 1042 1973 ‚
1065 1928 1185 1963 ratus
1219 1917 1376 1963 locum

94 1986 348 2033 tribuniciis
375 1986 624 2034 actionibus
658 1987 809 2033 datum
828 2023 841 2045 ‚
872 2005 952 2050 per
978 1989 1154 2052 aliquot
1186 1989 1278 2035 dies
1297 1989 1375 2035 Pa-

93 2073 216 2108 trum
246 2061 494 2125 superbiam
513 2061 567 2106 ad
586 2061 762 2123 plebem
790 2062 1076 2121 criminatus,
1105 2065 1299 2110 maxime
1328 2063 1378 2110 in

96 2133 328 2179 consulare
357 2132 627 2195 imperium,
660 2149 870 2197 tanquam
906 2134 1121 2192 nimium,
1154 2153 1237 2183 nec
1260 2136 1378 2183 tole-

96 2205 237 2252 rabile
269 2206 420 2253 liberae
453 2205 652 2263 civitati,
689 2207 1019 2254 invehebatur:
1055 2211 1240 2255 Nomine
1269 2213 1377 2255 enim

97 2297 259 2327 tantum
276 2284 418 2326 minus
436 2280 691 2340 invidiosicm
702 2317 717 2338 ,
734 2300 770 2325 re
789 2283 879 2342 ipsa
889 2300 1019 2343 prope
1035 2287 1236 2338 atrocius,
1253 2302 1376 2343 quam

98 2357 281 2414 regium,
309 2352 392 2416 effe.
433 2357 599 2414 Quippe
629 2356 735 2400 duos
765 2374 841 2415 pro
865 2374 949 2400 uno
969 2358 1140 2400 domino
1170 2372 1381 2415 acceptos,

99 2428 395 2482 immoderata,
424 2428 596 2485 infinita
624 2429 849 2494 potestate:
887 2431 980 2488 qui,
999 2430 1135 2487 soluti
1163 2443 1283 2486 atque
1317 2425 1382 2484 ‘f‘

90 2495 253 2553 ‚frmaci
281 2498 390 2562 ipsi,
430 2517 569 2545 onmes
603 2517 730 2546 mem
767 2504 898 2563 legum
931 2503 1148 2562 (amplaque
1165 2499 1382 2559 Jicppliciae
