1582 2793
176 198 266 247 108
526 200 750 250 ΤΙΤΙ
824 200 1094 250 LIVII

234 308 355 355 XIII.
390 308 599 356 Mucium
626 310 878 369 dimissum,
914 310 986 358 cui
1013 310 1167 374 postea
1191 311 1413 360 Scaevolae
1437 329 1463 360 a

171 380 296 428 clade
326 381 496 427 dextrae
525 400 682 430 manus
719 401 979 448 cognomen
1013 386 1208 433 inditum
1226 423 1241 444 ‚
1277 387 1410 452 legati
1439 405 1466 434 a

170 454 368 501 Porsena
404 455 597 502 Romam
637 456 774 504 secuti
811 458 927 505 sunt.
958 459 1088 507 Adeo
1120 474 1332 507 moverat
1362 478 1466 507 eum

173 527 227 574 &
254 527 386 590 primi
419 529 609 591 periculi
641 529 790 589 casus,
815 548 911 593 quo
943 532 1055 578 nihil
1091 532 1133 578 se
1158 546 1320 596 praeter
1341 549 1467 579 erro-

172 616 270 646 rem
289 601 561 648 insidiatoris
591 603 765 650 texisset
780 640 795 662 ,
822 607 874 652 &
897 604 1125 653 subeunda
1145 607 1376 655 dimicatio
1397 621 1468 653 to-

175 672 290 732 ties,
322 689 435 737 quot
475 674 700 737 conjurati
733 676 1034 739 superessent,
1067 692 1117 725 ut
1148 680 1267 741 pacis
1298 680 1464 726 condi-

176 745 326 793 tiones
359 748 482 794 ultro
521 747 655 795 ferret
690 742 1181 821 Rornanis.1Ja&at11m
1220 753 1266 798 in
1305 751 1472 799 condi-

169 821 383 876 ⁴tionibus
411 823 716 886 nequidquam
744 824 798 870 de
818 824 1081 889 Tarquiniis
1111 826 1158 872 in
1185 843 1371 890 regnum
1396 842 1471 872 re·-

181 894 446 955 stituendis‚
483 898 622 961 magis
657 899 762 962 quia
797 899 843 945 id
880 915 1041 963 negare
1075 898 1166 962 ipse
1203 899 1478 962 nequiverat

183 966 473 1031 Tarquiniis,
512 987 647 1032 quam
685 973 812 1035 quod
845 987 1056 1036 negatum
1088 973 1144 1019 iri
1179 973 1259 1020 fibi
1289 973 1345 1019 ab
1375 972 1476 1018 Ro-

182 1043 328 1091 manis
362 1045 606 1108 ignoraret.
645 1048 720 1094 De
749 1062 860 1110 agro
894 1046 1161 1109 Vejentibus
1191 1043 1473 1092 restituendo

184 1116 508 1180 impetratum:
540 1119 830 1183 expressaque
865 1119 1094 1168 neceflitas
1133 1119 1308 1166 obfides
1344 1116 1476 1164 dandi

183 1189 404 1237 Romanis
428 1227 442 1248 ‚
484 1191 514 1236 fi
546 1191 754 1238 Janiculo
795 1193 1050 1255 praefidium
1088 1191 1254 1239 deduci
1288 1190 1474 1239 vellent.

187 1266 270 1312 His
300 1265 646 1313 conditionibus
683 1268 935 1330 composita
967 1284 1104 1330 pace,
1134 1265 1385 1313 exercitum
1419 1264 1476 1311 ab

188 1340 392 1387 Ianiculo
422 1341 611 1389 deduxit
639 1341 860 1399 Porsena,
893 1343 944 1389 &
968 1358 1078 1405 agro
1096 1340 1312 1386 Romano
1331 1336 1480 1385 exces-

188 1413 256 1461 fit.
296 1415 445 1461 Patres
475 1416 529 1462 C.
562 1416 723 1463 Mucio
753 1415 934 1464 virtutis
969 1415 1097 1462 causa
1125 1427 1246 1461 trans
1274 1411 1482 1459 Tiberim

191 1503 344 1550 agrum
379 1489 508 1535 dono
540 1489 731 1548 dedere,
758 1507 860 1554 quae
895 1490 1047 1553 postea
1077 1489 1178 1536 sunt
1208 1487 1359 1534 Mucia
1384 1501 1485 1548 pra-

191 1573 235 1606 ta
267 1561 497 1624 appellata.
541 1565 692 1627 Ergo,
722 1564 783 1611 ita
811 1564 1034 1611 honorata
1065 1563 1235 1610 virtute
1253 1599 1269 1619 ‚
1304 1559 1483 1606 feminae

193 1650 380 1696 quoque
401 1636 456 1681 ad
484 1637 664 1699 publica
693 1638 856 1685 decora
885 1639 1106 1685 excitatae.
1140 1640 1194 1683 Et
1211 1634 1379 1683 Cloelia
1392 1634 1484 1682 vir-

194 1722 254 1768 go
273 1743 286 1762 ‚
314 1725 404 1754 una
431 1725 487 1755 ex
508 1710 736 1757 obsidibus
757 1748 769 1767 ‚
793 1729 897 1758 cum
923 1711 1063 1758 castra
1082 1709 1372 1757 Etruscorum
1393 1707 1503 1769 for-¹

196 1792 241 1826 te
268 1780 388 1827 haud
412 1785 570 1843 procul
605 1785 703 1848 ripa
729 1785 908 1832 Tiberis
942 1786 1090 1832 locata
1109 1785 1245 1831 essent
1261 1820 1274 1841 ,
1306 1781 1488 1828 frustra-

194 1866 240 1901 ta
274 1856 505 1917 custodes,
534 1859 627 1905 dux
656 1859 847 1923 agminis
872 1860 1104 1922 virginum
1140 1859 1255 1905 inter
1283 1856 1370 1904 tela
1395 1856 1484 1902 ho-

198 1931 330 1977 stium
345 1933 548 1979 Tiberim
572 1934 798 1981 tranavit:
823 1934 1095 1997 sospitesque
1113 1949 1272 1980 omnes
1292 1932 1487 1978 Romam

199 2004 255 2050 ad
280 2005 565 2068 propinquos
595 2007 799 2054 restituit.
835 2008 979 2067 Quod
1009 2007 1085 2053 ubi
1119 2006 1212 2069 regi
1233 2005 1485 2052 nuntiatum

200 2075 263 2122 est
279 2113 292 2132 ‚
317 2078 465 2139 primo
494 2079 700 2128 incensus
723 2082 785 2127 ira
804 2117 817 2138 ,
849 2094 1056 2128 oratores
1077 2082 1270 2126 Romam
1297 2078 1414 2124 mifit
1434 2078 1490 2123 ad

203 2150 419 2199 Cloeliam
452 2154 653 2201 obsidem
684 2154 1042 2216 deposcendam3
1071 2155 1174 2200 alias
1191 2153 1309 2199 haud
1341 2151 1492 2214 magni

203 2223 377 2271 facere:
411 2226 571 2272 deinde
597 2227 644 2273 in
673 2227 1016 2274 admirationem
1048 2226 1201 2272 versus
1221 2262 1232 2280 ‚
1256 2230 1394 2286 Supra
1409 2226 1493 2269 Co-

205 2301 319 2359 clires
357 2302 599 2361 Muciosque
644 2302 791 2348 dicere
833 2305 882 2347 id
901 2303 1079 2360 fucinus
1111 2298 1207 2363 effi,
1245 2300 1294 2346 &
1330 2315 1420 2360 prae
1449 2296 1492 2344 se

207 2370 324 2419 serre
341 2408 356 2427 ,
378 2391 451 2433 que
460 2377 723 2421 vnzdmodum
739 2410 753 2432 ‚
767 2377 818 2440 fi
833 2395 918 2420 non
935 2378 1110 2420 dedatur
1124 2375 1235 2433 obses
1248 2409 1260 2430 ,
1274 2391 1355 2433 pro
1374 2387 1493 2431 rupto

198 2444 248 2504 fi
264 2443 412 2503 foedus
439 2447 673 2492 habituram
687 2467 707 2502 ‚·
725 2448 793 2511 sic
813 2451 993 2493 deditam
1009 2483 1022 2503 ‚
1047 2450 1297 2492 inviolatam,
1323 2448 1383 2490 ad
1388 2445 1495 2505 sitos

212 2513 476 2580 remifficrum.
500 2516 722 2582 Utrinque
744 2519 944 2567 constitit
959 2518 1091 2566 iidesz
1115 2520 1162 2566 ὃ(
1181 2517 1378 2566 Romani
1396 2516 1495 2579 pig-
