1582 2793
179 170 236 202 10
526 154 1101 204 T1T1L1V11

173 261 306 323 pibus
324 262 380 309 ad
398 260 562 310 fretum
580 264 783 311 Siculum
796 299 811 324 ‚
843 263 956 311 fama
975 265 1175 313 nominis
1200 264 1264 313 sui
1283 264 1460 331 imples-

173 335 262 390 set3
277 348 447 395 tamen,
460 354 563 384 cum
583 338 816 384 moenibus
831 339 998 385 bellum
1015 339 1277 402 propulsare
1297 340 1460 403 posset,

173 407 223 454 in
241 408 381 456 aciem
398 409 549 473 copias
564 410 728 456 eduxit.
748 411 1004 458 Secundum
1025 413 1130 459 inde
1150 412 1364 476 proelium
1377 415 1463 461 La-

173 481 306 542 tinis,
325 484 476 531 AEneae
497 484 627 531 etiam
644 483 855 531 ultimum
875 501 1065 548 operum
1084 488 1345 535 mortalium
1362 487 1463 537 fuit.

175 555 293 603 Situs
310 557 370 603 est
385 593 398 614 ‚
421 575 735 621 quemcunque
753 574 856 605 eum
876 558 967 605 dici
990 557 1061 619 jus
1089 560 1242 624 fasque
1269 561 1331 618 est
1345 597 1359 620 ,
1389 561 1463 608 su-

176 644 259 691 per
276 630 537 677 Numicium
563 630 745 677 flumen.
777 631 941 677 Jovem
961 630 1203 695 indigetem
1224 629 1464 696 appellant.

148 752 182 760 „,
246 705 315 748 ΙΙΙ.
357 704 577 750 Nondum
608 715 809 750 maturus
841 703 1037 766 imperio
1070 703 1284 753 Ascanius
1314 706 1468 754 AEneae

181 774 299 822 filius
321 788 439 823 erat:
469 790 617 823 tamen
639 776 683 822 id
705 776 942 839 imperium
966 777 1007 824 ei
1032 778 1086 824 ad
1113 778 1330 840 puberem
1358 790 1466 825 aeta-

181 861 272 895 tem
292 850 521 896 incolume
542 850 711 897 mansit.
743 850 957 913 tantisper
972 851 1108 898 tutela
1124 852 1332 900 muliebri
1350 854 1470 914 (ta-n·-

181 933 227 967 ta
262 922 437 971 indoles
469 923 516 969 in
545 923 734 971 Lavinia
761 926 881 987 erat)
915 941 984 971 res
1014 926 1171 972 Latina
1202 927 1253 974 &
1280 943 1470 992 regnum

182 995 354 1042 avitum
374 1008 700 1061 paternumque
720 1014 862 1060 puero
885 998 1016 1045 stetit.
1048 1000 1180 1046 Haud
1199 998 1313 1046 nihil
1330 999 1471 1047 ambi·

185 1087 284 1133 gam
301 1105 314 1125 ‚
344 1069 476 1134 (quis
505 1072 625 1117 enim
645 1088 739 1118 rem
757 1084 850 1119 tam
870 1083 1070 1120 veterem
1088 1089 1174 1135 pro
1202 1085 1327 1121 certo
1348 1073 1472 1120 'affir-

187 1154 280 1189 met
294 1141 348 1206 ?)
367 1143 543 1190 hiccine
559 1142 695 1191 fuerit
707 1144 945 1204 Ascanius,
961 1163 1018 1193 an
1038 1145 1186 1209 major
1199 1183 1214 1205 ‚
1227 1164 1365 1212 quam
1378 1147 1473 1205 hic,

189 1215 357 1261 Creusa
385 1228 526 1263 matre
552 1217 637 1264 llio
657 1218 879 1266 incolumi
909 1231 1039 1267 natus
1058 1255 1072 1277 ‚
1106 1219 1348 1285 comesque
1367 1220 1474 1267 inde

189 1300 387 1351 paternae
406 1288 522 1353 fugae
534 1326 547 1347 ‚
566 1308 699 1354 quem
711 1291 860 1341 Julum
875 1290 1066 1340 eundem
1080 1293 1195 1341 Julia
1208 1309 1315 1358 gens
1329 1294 1479 1341 aufto-

192 1380 287 1409 rem
307 1364 507 1411 nominis
527 1363 591 1411 sui
612 1377 858 1428 nuncupat.
891 1368 929 1414 Is
949 1366 1165 1413 Ascanius
1180 1401 1194 1424 ‚
1218 1366 1477 1431 ubicunque

193 1437 243 1484 ὃ(
275 1446 545 1502 quacunque
574 1450 714 1486 matre
738 1441 942 1504 genitus,
977 1439 1132 1504 (certe
1163 1452 1319 1488 natum
1339 1442 1478 1489 AEnea

194 1511 405 1576 constat)
426 1514 680 1561 abundante
702 1515 884 1563 Lavinii
907 1514 1216 1574 multitudine,
1235 1515 1479 1563 florentem

196 1584 283 1645 jam
301 1584 380 1649 (ut
398 1599 493 1634 tum
507 1604 576 1635 res
596 1588 750 1653 erant)
772 1601 906 1653 atque
927 1589 1192 1652 opulentam
1212 1589 1367 1636 urbem
1387 1607 1482 1636 ma·

196 1658 278 1713 tri,
293 1658 368 1706 seu
390 1677 627 1721 novercae,
642 1663 845 1726 reliquit:
867 1680 1039 1710 novam
1058 1662 1147 1725 ipse
1164 1661 1295 1709 aliam
1311 1661 1390 1708 sub
1403 1662 1483 1708 Al-

196 1731 316 1776 bano
332 1745 489 1780 monte
506 1736 739 1789 condidit;
762 1752 883 1799 quae,
905 1736 958 1781 ab
977 1733 1060 1782 fitu
1079 1735 1295 1798 porrectae
1312 1734 1358 1780 in
1378 1734 1483 1781 dor-

199 1804 250 1850 so
275 1805 397 1852 urbis
413 1841 427 1863 ‚
451 1808 606 1871 Longa
627 1807 743 1855 Alba
769 1808 1003 1872 appellata.
1039 1810 1157 1854 Inter
1174 1804 1413 1854 Lavinium
1435 1809 1485 1855 δε

200 1878 360 1925 Albam
383 1880 586 1943 Longam
617 1879 850 1927 coloniam
879 1880 1108 1927 deductam
1137 1879 1317 1942 triginta
1345 1877 1485 1925 ferme

134 1991 137 1993 .
200 1951 442 1998 interfuere
484 1953 605 1999 anni.
651 1965 824 1999 tantum
873 1965 1023 2000 tamen
1063 1969 1174 2015 opes
1213 1966 1452 1998 creverant
1472 1986 1486 2009 ‚

202 2025 398 2070 maxime
419 2025 520 2072 fusis
540 2025 758 2083 Etruscis,
785 2039 909 2073 utne
935 2037 1083 2072 morte
1106 2024 1286 2088 quidem
1306 2024 1457 2070 AEneae
1472 2058 1488 2079 ‚

204 2111 289 2141 nec
309 2095 468 2141 deinde
486 2132 500 2154 ,
531 2096 647 2143 inter
671 2097 934 2143 muliebrem
952 2096 1138 2142 tutelam
1155 2094 1489 2140 rudimentum-

204 2184 293 2229 que
323 2168 516 2228 primum
536 2169 717 2231 puerilis
742 2169 899 2232 regni,
930 2183 1121 2214 movere
1139 2183 1259 2213 arma
1290 2178 1368 2212 aut
1388 2167 1490 2212 Me-

208 2239 376 2286 zentius
414 2239 673 2303 Etruscique
690 2276 703 2299 ,
740 2252 817 2287 aut
846 2239 926 2286 ulli
957 2239 1033 2285 alii
1066 2238 1236 2285 accolae
1271 2238 1360 2283 aus1
1394 2237 1493 2284 sint.

207 2311 297 2356 Pax
332 2312 390 2359 ita
416 2325 725 2369 convenerat,
754 2325 802 2357 ut
825 2310 1018 2357 Etruscis
1042 2310 1296 2372 Latinisque
1323 2308 1492 2356 fluvius

211 2384 371 2429 Albula
392 2421 404 2442 ‚
437 2401 569 2448 quem
606 2402 728 2431 nunc
759 2383 963 2430 Tiberim
994 2395 1196 2440 vocant,
1238 2380 1339 2427 finis
1373 2380 1493 2428 effet.

210 2458 371 2506 Silvius
401 2458 561 2506 deinde
581 2469 764 2524 regnat,
790 2456 968 2505 Ascanii
992 2455 1108 2504 filius
1125 2492 1140 2516 ‚
1170 2453 1272 2503 casu
1295 2453 1494 2518 quodam
