1582 2793
159 198 220 244 92
514 182 1077 231 T1T1L1V11

161 289 269 337 dum
289 288 451 336 adultae
483 290 704 339 discordia
724 291 902 338 forent:
930 308 1039 355 quas
1062 291 1185 339 fovit
1204 291 1449 355 tranquilla

161 361 418 409 moderatio
445 362 652 427 imperii,
684 381 830 428 eoque
860 365 1104 412 nutriendo
1127 365 1366 428 perduxit,
1395 377 1447 411 ut

160 434 331 481 bonam
363 434 537 500 frugem
566 437 781 483 libertatis
812 436 996 484 maturis
1024 436 1111 499 jam
1138 437 1311 487 viribus
1332 437 1451 484 ferre

160 507 352 569 poffent.
373 509 609 556 Libertatis
627 523 773 555 autem
792 508 1015 573 originem
1035 511 1139 558 inde
1157 512 1322 575 magis,
1343 512 1450 575 quia

161 594 362 626 annuum
379 580 620 643 imperium
636 580 870 628 consulare
891 580 1054 628 fafitum
1074 583 1156 641 est,
1172 601 1305 648 quam
1323 583 1450 647 quod

158 652 442 700 deminutum
462 655 711 719 quidquam
733 655 785 701 fit
803 671 860 700 ex
879 655 997 717 regia
1020 655 1238 718 potestate
1253 693 1267 714 ‚
1294 673 1449 703 nume·-

160 741 246 772 res.
284 728 454 773 Omnia
473 726 572 789 jura
587 764 600 785 ‚
619 727 773 774 omnia
794 727 982 791 insignia
1006 727 1140 790 primi
1162 728 1366 775 consules
1387 740 1452 777 te-

164 815 317 846 nuere.
347 800 393 844 id
411 801 552 847 modo
574 811 754 848 cautum
774 799 835 847 est
851 837 865 857 ‚
895 818 975 859 ne,
995 801 1026 846 fi
1052 801 1188 847 ambo
1213 800 1349 848 falces
1369 801 1455 848 ha-

161 873 321 920 berent
338 910 352 932 ‚
385 874 637 937 duplicatus
668 886 816 920 terror
835 873 1078 922 videretur.
1119 876 1279 921 Brutus
1301 874 1455 936 prior,

163 948 445 995 concedente
475 948 650 1012 collega
669 984 682 1004 ‚
714 947 852 996 fasces
872 949 1027 995 habuit
1046 967 1056 995 ε
1088 948 1166 1011 qui
1187 964 1282 994 non
1303 948 1455 995 acrior

163 1019 334 1067 vindex
369 1020 584 1067 libertatis
619 1019 764 1066 fuerat
785 1056 798 1078 ,
828 1037 962 1083 quam
985 1020 1146 1066 deinde
1174 1017 1321 1065 custos
1354 1017 1455 1065 fuit.

164 1093 388 1140 Omnium
422 1094 619 1156 primum
659 1093 841 1141 avidum
877 1111 1016 1141 novae
1050 1093 1265 1140 libertatis
1303 1110 1454 1156 popu-

163 1165 289 1225 lum,
318 1183 374 1212 ne
408 1166 696 1229 postmodum
727 1165 845 1213 sseffi
877 1166 1085 1229 precibus
1114 1178 1191 1213 aut
1219 1167 1351 1213 donis
1386 1182 1456 1212 re-

164 1241 248 1304 giis
284 1241 457 1304 posset,
490 1240 786 1304 jurejurando
820 1240 997 1305 adegit,
1036 1241 1264 1287 neminem
1291 1243 1456 1288 Romae

165 1314 367 1377 passuros
401 1331 602 1378 regnare.
638 1314 850 1372 Deinde,
889 1330 982 1378 quo
1010 1314 1111 1377 plus
1132 1315 1302 1363 virium
1327 1315 1373 1361 in
1394 1314 1456 1361 se-

165 1399 277 1434 natu
310 1387 563 1451 frequentia
587 1386 722 1434 etiarn
755 1387 928 1435 ordinis
960 1387 1154 1447 faceret,
1176 1389 1371 1436 caedibus
1390 1406 1461 1436 re-

164 1462 231 1524 gis
248 1460 530 1508 deminutum
547 1461 725 1506 Patrum
746 1477 1006 1519 numerum,
1025 1461 1302 1523 primoribus
1319 1478 1460 1526 eque-

167 1534 262 1582 stris
297 1534 457 1598 gradus
491 1533 646 1592 ledis,
681 1534 735 1581 ad
772 1546 1082 1581 trecentorum
1121 1534 1339 1582 summam
1375 1552 1460 1582 ex-

170 1607 332 1671 plevit.
375 1606 677 1671 traditumque
699 1607 802 1654 inde
821 1607 961 1655 fertur
978 1644 992 1666 ‚
1017 1620 1067 1654 ut
1084 1607 1131 1655 in
1150 1606 1350 1655 senatum
1369 1624 1459 1655 vo-

169 1691 380 1728 carentur
394 1716 408 1738 ,
426 1680 506 1743 qui
525 1681 697 1740 Patre3‚
711 1681 877 1744 quique
895 1680 1141 1743 conscripti
1163 1681 1312 1727 essent.
1346 1697 1461 1728 con·

169 1753 387 1815 scriptos,
407 1753 618 1803 videlicet
636 1790 648 1812 ,
677 1754 725 1800 in
752 1771 930 1801 novum
954 1752 1153 1801 senatum
1172 1753 1461 1817 appellabant

168 1828 324 1875 lectos.
359 1828 407 1874 ld
428 1828 593 1875 mirum
626 1840 842 1891 quantum
870 1827 1046 1890 profuit
1074 1828 1130 1874 ad
1161 1827 1463 1874 concordiam

170 1901 396 1959 civitatis,
417 1900 756 1965 jungendosque
784 1902 987 1948 Patribus
1015 1900 1159 1964 plebis
1190 1900 1383 1948 animos.

250 1977 301 2023 11.
336 1976 505 2022 Rerum
542 1975 701 2022 deinde
732 1975 990 2023 divinarum
1021 1974 1173 2021 habita
1210 1990 1329 2021 cura.
1381 1974 1462 2032 &,

169 2045 275 2108 quia
306 2046 508 2109 quaedam
540 2045 725 2109 publica
760 2046 879 2094 sacra
915 2064 994 2110 per
1029 2047 1150 2110 ipsos
1176 2063 1302 2110 reges
1338 2045 1462 2093 saffi-

170 2130 262 2165 tata
292 2131 446 2176 erant,
478 2136 534 2165 ne
569 2119 724 2165 ubiubi
758 2137 912 2184 regum
949 2120 1212 2167 desiderium
1240 2120 1371 2177 esset,
1393 2137 1465 2166 re·

169 2207 271 2254 gem
308 2189 601 2238 sacrificulum
633 2204 798 2239 creant.
837 2194 885 2238 Id
918 2192 1217 2240 sacerdotium
1251 2191 1462 2255 pontifici

171 2263 399 2326 subjecere
419 2301 432 2323 ‚
466 2282 521 2311 ne
552 2267 728 2314 additus
751 2266 928 2314 nomini
959 2267 1109 2314 honos
1130 2265 1300 2329 aliquid
1326 2266 1464 2313 liber-

173 2337 285 2396 tati,
329 2336 454 2400 cujus
499 2350 607 2384 tunc
644 2339 789 2402 prima
829 2352 922 2386 erat
960 2356 1062 2386 cura
1085 2375 1099 2397 ,
1139 2340 1359 2388 officeret.
1408 2358 1464 2389 ac·

174 2411 355 2468 nescio,
393 2429 447 2458 an
469 2448 483 2471 ‚
517 2412 648 2460 nimis
679 2414 875 2477 undique
908 2430 1001 2459 eam
1039 2414 1237 2461 minimis
1274 2431 1463 2479 quoque

172 2486 305 2535 rebus
345 2487 595 2546 muniendo
616 2524 631 2549 ,
677 2489 869 2538 modum
913 2489 1191 2539 excesserint.
1248 2488 1464 2537 Consulis
