1582 2793
293 209 910 259 HISTORIARUM
956 212 1094 257 ΗΒ.
1127 213 1193 257 ῐῐ.
1299 226 1377 273 151

92 325 284 377 navarit,
319 337 366 366 ut
395 324 440 366 iaez
477 320 624 385 hostem
651 319 1031 376 animadversuros.
1071 321 1132 364 Ita
1167 317 1347 364 dimissis
1370 354 1385 377 ‚

91 410 192 457 quo
220 392 367 439 minus
400 389 610 437 consules
645 389 765 434 velle
802 390 1018 447 credunt,
1057 390 1213 438 crescit
1250 391 1386 437 ardor

91 463 334 530 pugnandi.
384 462 606 509 accedunt
644 461 824 524 insuper
856 460 1003 507 hostes
1039 461 1236 508 ferocius
1268 463 1387 509 mul-

91 552 142 587 to
158 576 173 599 ,
194 552 245 586 ut
263 538 451 586 statuisse
471 555 574 596 non*
596 554 798 602 pugnare
828 536 1035 584 consules
1053 538 1287 601 cognitum
1310 539 1386 587 est.

91 614 280 676 Quippe
316 613 502 675 impune
537 611 577 658 se
607 611 930 669 insultaturos,
969 628 1066 657 non
1100 613 1218 659 credi
1255 613 1387 660 militi

90 703 223 732 arma.
256 701 348 731 rem
370 686 423 732 ad
444 685 651 744 ultimum
672 684 906 731 seditionis
925 696 1180 747 erupturam
1197 719 1209 742 ‚
1229 683 1386 730 sinem-

88 774 180 821 que
210 757 380 805 venisse
411 758 625 804 Romano
657 757 866 820 imperio.
902 756 982 802 His
1013 755 1115 803 freti
1148 756 1386 803 occursant

88 831 235 895 portis
252 868 266 890 ,
294 831 508 895 ingerunt
539 831 733 894 probra,
760 847 876 896 aegre
903 829 1154 888 abstinent,
1176 828 1285 893 quin
1313 846 1388 876 ca-

88 903 175 950 stra
193 915 474 967 oppugnent.
511 903 763 950 Enimvero
793 917 888 948 non
912 901 1028 947 ultra
1058 899 1385 947 contumeliam

89 979 185 1041 pati
202 979 438 1026 Romanus
464 977 617 1041 poffe:
645 977 756 1023 totis
785 975 933 1024 castris
951 976 1152 1040 undique
1182 976 1237 1023 ad
1267 993 1385 1023 con-

88 1049 206 1097 sules
235 1051 441 1098 curritur.
479 1067 574 1096 non
604 1049 692 1112 jam
728 1049 911 1109 senfim,
944 1063 995 1097 ut
1023 1062 1150 1109 ante,
1172 1066 1253 1113 per
1274 1066 1385 1096 cen-

86 1122 324 1169 turionum
360 1121 590 1186 principes
625 1121 890 1185 postulant3
930 1122 1004 1169 sed
1032 1122 1185 1185 paffim
1225 1139 1386 1170 omnes

87 1196 361 1244 clamoribus
383 1213 533 1260 agunt.
570 1199 748 1243 Matura
779 1213 847 1243 res
872 1208 966 1243 erat
984 1214 998 1252 3
1029 1195 1385 1260 tergiversantur

85 1282 250 1318 tamen.
288 1270 448 1318 Fabius
482 1270 641 1317 deinde
658 1307 671 1329 ‚
705 1272 759 1318 ad
777 1271 1049 1319 crescentem
1072 1272 1273 1318 tumultu
1295 1271 1385 1335 jam

84 1355 258 1390 metum
291 1342 521 1389 seditionis
553 1343 728 1407 collega
763 1345 1074 1403 concedente,
1111 1362 1214 1391 cum
1249 1344 1385 1391 silen-

84 1416 201 1464 tium
230 1415 411 1463 claffico
446 1415 646 1463 fecisset:
682 1420 777 1480 Ego
807 1420 903 1485 istos
925 1453 938 1476 ,
975 1420 1048 1464 Cn.
1073 1421 1247 1474 Manli,
1269 1416 1385 1483 poſje':

83 1495 242 1539 vincere
259 1491 356 1551 scio
371 1510 390 1546 ;
414 1495 515 1537 velle
541 1509 592 1536 ne
606 1493 756 1552 scirem
773 1528 788 1548 ‚
810 1491 890 1555 ipsi
903 1491 1106 1550 ficerunt.
1136 1495 1282 1554 Itaque
1302 1511 1383 1539 cer-

85 1583 176 1611 tum
210 1581 329 1626 atque
359 1569 558 1611 decretum
594 1568 672 1631 est,
699 1585 787 1612 non
820 1569 916 1611 dare
931 1565 1105 1630 signum
1127 1602 1140 1624 ‚
1159 1567 1247 1631 nist
1263 1602 1275 1624 ,
1295 1570 1383 1614 vic·

85 1655 190 1684 tores
205 1639 255 1698 fi
282 1641 484 1684 redituros
505 1657 558 1684 ex
580 1641 657 1684 hac
668 1657 818 1700 pugna
828 1675 843 1695 ,
855 1637 1024 1696 jurant.
1058 1639 1273 1699 Consulem
1291 1641 1382 1686 Ro-

84 1729 261 1757 manum
295 1714 414 1756 miles
434 1711 568 1771 fimel
598 1714 644 1757 in
681 1715 768 1757 acie
786 1711 979 1771 fefelli&
1011 1712 1133 1756 Deos
1165 1730 1382 1771 nunquam

72 1785 216 1843 fallet.
249 1783 475 1830 Centurio
501 1797 595 1832 erat
615 1787 679 1831 M.
700 1782 957 1846 Flavolejus
973 1820 988 1841 ‚
1018 1783 1136 1830 inter
1157 1784 1380 1847 primores

82 1873 248 1920 pugnae
278 1855 521 1920 flagitator.
560 1857 730 1914 Viflor,
759 1855 907 1919 inquit
921 1892 938 1914 ,
958 1859 1026 1902 Μ.
1048 1859 1186 1913 Fabi,
1206 1873 1387 1903 revertar

82 1948 138 1977 ex
155 1932 255 1975 acie.
276 1928 321 1974 Si
338 1928 485 1987 fallat,
504 1930 665 1978 Jovem
686 1941 874 1992 patrem,
891 1928 1239 1993 Gradivumque
1259 1930 1378 1975 Mar·

83 2013 202 2059 tem,
228 2000 425 2064 aliosque
445 2002 584 2048 iratos
611 2002 802 2050 invocat
831 2003 977 2050 Deos.
1018 2003 1137 2049 Idem
1164 2003 1377 2068 deinceps

83 2074 234 2122 omnis
265 2075 491 2123 exercitus
524 2077 570 2122 in
600 2076 642 2123 se
669 2077 857 2140 quisque
888 2075 1017 2139 jurat.
1053 2078 1215 2125 Juratis
1245 2079 1378 2125 datur

81 2148 280 2212 signum,
311 2165 432 2194 arma
469 2149 688 2212 capiunt,
726 2161 835 2197 eunt
873 2150 919 2196 in
955 2166 1179 2213 pugnam,
1209 2150 1374 2197 irarum

83 2221 263 2285 speique
290 2222 428 2285 pleni.
457 2224 592 2270 Nunc
611 2222 769 2285 jubent
792 2223 999 2271 Etruscos
1017 2224 1181 2286 probra
1200 2223 1376 2284 jacere,

83 2311 205 2341 nunc
237 2295 415 2342 armatis
439 2295 518 2342 fibi
547 2296 732 2360 quisque
762 2297 912 2362 lingua
937 2310 1168 2360 promtum
1197 2296 1372 2344 hostem

82 2367 250 2415 offerri.
294 2367 514 2417 Omnium
535 2369 616 2416 illo
646 2370 741 2429 die,
762 2387 852 2435 qua
873 2371 1038 2435 plebis,
1058 2386 1147 2433 qua
1167 2370 1339 2416 Parrum
1351 2398 1374 2424 9

82 2442 247 2489 eximia
271 2443 416 2490 virtus
443 2443 542 2492 fuit.
574 2445 759 2493 Fabium
782 2462 951 2492 nomen
968 2481 981 2504 ‚
999 2443 1125 2490 Fabia
1148 2459 1253 2506 gens
1274 2460 1371 2490 ma-

81 2517 202 2566 xime
231 2519 411 2569 enituit.
450 2521 602 2570 multis
629 2521 839 2571 civilibus
868 2519 1188 2569 certaminibus
1220 2517 1373 2573 infen-

987 2595 1029 2640 K
1056 2612 1083 2653 4
