1582 2793
104 185 218 244 '⁶1²8
512 188 1078 245 T1T1L1v11

143 304 332 362 ‘plicibus
356 306 475 347 locus
492 303 675 368 nonsit,
703 323 1002 366 pererraturum
1020 310 1072 369 sc
1100 327 1218 354 omne
1244 311 1412 356 Latium
1433 325 1448 356 .·

156 375 404 436 Volscosque
410 375 461 436 fi
477 377 574 421 inde
593 410 606 434 ,
624 373 667 422 ἃ
686 381 854 438 AEquos
870 414 883 435 ,
907 377 949 425 ἑὲ
968 382 1177 427 Hernicos
1186 385 1414 442 petiturum
1429 400 1450 436 ,·

152 452 281 495 donec
306 451 367 494 ad
392 467 459 494 eos
472 452 713 509 perveniat,
746 452 817 510 qui
832 471 859 496 a
867 468 1041 512 patrum
1070 457 1303 500 crudelibus
1329 468 1449 516 atque

151 525 299 584 impiis
319 524 551 584 ficppliciis
581 539 704 585 tegere
734 526 881 570 liberos
900 526 1059 585 sciant.
1097 527 1291 592 Forsitan
1321 530 1446 572 etiam

149 601 315 644 ardoris
345 601 513 660 aliquid
538 600 599 643 ad
620 601 770 643 bellum
791 617 987 659 armaque
1005 601 1056 660 sc
1084 604 1213 647 adver
1232 619 1283 646 us
1299 601 1447 661 stiper-

147 672 355 736 biffimum
385 690 513 734 regem
539 691 589 717 ac
611 671 911 734 ferociffimum
934 677 1138 734 populum
1163 678 1443 720 inventurum.
1468 712 1472 714 .

145 748 294 805 Cum,
321 746 353 792 fi
376 745 493 792 nihil
522 758 835 803 morarentur,
863 745 1062 793 infensus
1084 747 1148 792 ira
1167 763 1310 809 porro
1337 746 1444 793 inde

145 820 347 868 abiturus
377 819 639 874 videretur3
678 818 871 883 benigne
894 821 951 866 ab
979 819 1172 868 Gabinis
1199 819 1441 882 excipitur.

145 906 304 942 vetant
327 893 507 952 mirari,
536 893 567 939 s1
584 929 597 951 ,
617 892 761 956 qualis
780 893 827 940 in
849 894 1001 953 cives,
1032 894 1175 958 qualis
1200 894 1247 941 in
1267 893 1441 952 socios,

145 969 243 1017 talis
263 969 318 1016 ad
344 968 555 1016 ultimum
573 967 621 1013 in
642 966 810 1015 liberos
830 969 948 1015 effet.
979 972 1028 1016 {n
1049 969 1090 1015 se
1115 968 1258 1031 ipsum
1276 967 1442 1031 postre-

143 1062 224 1093 mo
241 1044 502 1091 saeviturum
519 1077 533 1098 ,
553 1041 585 1087 si
605 1041 688 1088 alia
718 1042 871 1088 desint.
912 1043 1008 1089 Sibi
1028 1059 1144 1090 vero
1170 1055 1344 1106 gratum
1362 1042 1439 1088 ad-

142 1131 337 1167 ventum
359 1117 455 1179 ejus
486 1116 598 1164 effe:
633 1116 924 1179 futurumque
955 1119 1137 1165 credere
1163 1116 1323 1173 brevi,
1358 1127 1438 1174 ut,

141 1190 227 1238 illo
245 1188 488 1252 adjuvante
502 1224 516 1245 ,
544 1190 599 1235 ab
618 1189 761 1251 portis
781 1189 970 1236 Gabinis
993 1189 1070 1236 sub
1090 1192 1297 1237 Romana
1316 1204 1439 1234 moe-

142 1267 218 1313 nia
247 1264 415 1312 bellum
442 1263 748 1311 transferatur.

208 1339 321 1386 LIV.
343 1336 450 1383 Inde
471 1335 519 1380 in
543 1333 740 1381 concilia
760 1334 942 1395 publica
963 1331 1181 1382 adhiberi.
1211 1332 1313 1391 ubi,
1333 1348 1437 1379 cum

141 1414 196 1457 de
229 1410 328 1455 aliis
357 1409 488 1454 rebus
518 1406 724 1453 assentire
753 1404 796 1452 se
828 1404 1057 1452 veteribus
1089 1405 1280 1452 Gabinis
1312 1392 1437 1451 dice&—
1466 1424 1471 1427 ¹

138 1495 209 1529 ret
224 1518 238 1541 ,
257 1480 420 1545 quibus
443 1480 513 1527 hae
535 1479 740 1528 notiores
759 1479 922 1534 effent3
951 1478 1041 1540 ipse
1064 1475 1309 1523 identidem
1336 1474 1435 1521 bel-

136 1556 173 1603 li
201 1555 357 1604 auctor
383 1553 468 1600 effe
483 1590 496 1612 ,
517 1554 564 1600 in
584 1570 642 1600 eo
664 1553 743 1600 fibi
766 1552 1036 1616 praecipuam
1060 1550 1344 1614 prudentiam
1364 1548 1434 1595 as-

138 1631 344 1688 sumere,
371 1629 499 1692 quod
530 1627 761 1692 utriusque
795 1626 959 1691 populi
991 1626 1113 1673 vires
1145 1625 1317 1682 noss'et,
1346 1623 1433 1671 sci-

136 1718 295 1770 retque
309 1740 326 1762 ,
348 1702 542 1751 invisam
560 1701 768 1766 profecto
790 1700 1041 1764 superbiam
1062 1700 1230 1763 regiam
1254 1698 1432 1746 civibus

135 1778 253 1836 effe,
283 1793 422 1840 quam
456 1774 571 1822 ferre
604 1790 661 1820 ne
695 1773 826 1820 liberi
855 1774 1037 1837 quidem
1067 1772 1328 1836 potuissent.
1366 1774 1431 1819 Ita

135 1869 244 1900 cum
271 1850 428 1897 senfim
461 1850 517 1897 ad
545 1847 855 1895 rebellandum
888 1847 1108 1910 primores
1137 1846 1429 1892 Gabinorum

137 1924 376 1983 incitaret,
403 1921 493 1986 ipse
521 1938 625 1969 cum
660 1919 970 1984 promtiffimis
1001 1919 1221 1982 juvenum
1251 1919 1429 1982 praeda·-

135 2011 233 2045 tum
256 2009 390 2062 atque
419 1997 466 2043 in
489 1994 805 2059 expeditiones
834 1993 945 2051 iret,
980 1994 1030 2041 δι
1058 1993 1186 2039 dic-{tis
1215 1991 1427 2057 factisque

134 2071 348 2118 omnibus
379 2069 434 2116 ad
469 2068 714 2115 fallendum
749 2066 972 2114 instructis
1006 2083 1125 2114 vana
1154 2065 1428 2113 accresceret

133 2143 270 2200 fides;
304 2145 397 2190 dux
423 2143 477 2189 ad
506 2142 717 2188 ultimum
751 2141 857 2188 belli
887 2140 1064 2204 legitur.
1098 2139 1164 2186 Ibi
1189 2156 1321 2197 cum,
1353 2138 1422 2186 in·

135 2216 222 2263 scia
259 2214 547 2261 multitudine
577 2213 689 2277 quid
717 2223 946 2276 ageretur,
978 2211 1141 2274 proelia
1168 2227 1310 2274 parva
1347 2211 1421 2257 in-

132 2302 202 2335 ter
231 2290 426 2334 Romam
455 2286 714 2348 Gab1osque
741 2284 927 2342 fierent,
960 2284 1123 2347 quibus
1158 2284 1423 2347 plerumque

135 2362 313 2409 Gabina
354 2377 426 2407 res
461 2359 664 2422 superior
704 2359 842 2414 esset3
881 2371 976 2404 tum
1021 2359 1226 2406 certatim
1261 2358 1420 2406 summi

131 2434 366 2498 infimique
404 2433 693 2479 Gabinorum
730 2432 916 2476 Sextum
953 2432 1253 2496 Tarquinium
1290 2433 1419 2480 dono

132 2509 288 2557 Deum
324 2507 403 2556 fibi
439 2506 614 2554 missum
654 2506 813 2554 ducem
850 2506 1041 2554 credere.
1087 2507 1220 2570 Apud
1253 2508 1417 2556 milites
