<?xml version="1.0" encoding="UTF-8"?>
<!DOCTYPE html PUBLIC "-//W3C//DTD XHTML 1.0 Transitional//EN"
    "http://www.w3.org/TR/xhtml1/DTD/xhtml1-transitional.dtd">
<html xmlns="http://www.w3.org/1999/xhtml" xml:lang="en" lang="en">
 <head>
  <title>
</title>
<meta http-equiv="Content-Type" content="text/html;charset=utf-8" />
  <meta name='ocr-system' content='tesseract 3.04.00' />
  <meta name='ocr-capabilities' content='ocr_page ocr_carea ocr_par ocr_line ocrx_word'/>
</head>
<body>
  <div class='ocr_page' id='page_1' title='image "./historiarumlibri01livyuoft_0081.png"; bbox 0 0 1680 2803; ppageno 0'>
   <div class='ocr_carea' id='block_1_1' title="bbox 1217 126 1384 171">
    <p class='ocr_par' dir='ltr' id='par_1_1' title="bbox 1217 126 1384 171">
     <span class='ocr_line' id='line_1_1' title="bbox 1217 126 1384 171; baseline 0.012 -2"><span class='ocrx_word' id='word_1_1' title='bbox 1217 126 1384 171; x_wconf 63' lang='lat' dir='ltr'>Lxx-111</span> 
     </span>
    </p>
   </div>
   <div class='ocr_carea' id='block_1_2' title="bbox 237 271 1240 334">
    <p class='ocr_par' dir='ltr' id='par_1_2' title="bbox 237 271 1240 334">
     <span class='ocr_line' id='line_1_2' title="bbox 237 271 1240 334; baseline -0.003 -1"><span class='ocrx_word' id='word_1_2' title='bbox 237 273 657 334; x_wconf 90' lang='lat' dir='ltr'>NOTITIA</span> <span class='ocrx_word' id='word_1_3' title='bbox 708 271 1240 330; x_wconf 83' lang='lat' dir='ltr'><strong>LITERARIA</strong></span> 
     </span>
    </p>
   </div>
   <div class='ocr_carea' id='block_1_3' title="bbox 241 407 793 450">
    <p class='ocr_par' dir='ltr' id='par_1_3' title="bbox 241 407 793 450">
     <span class='ocr_line' id='line_1_3' title="bbox 241 407 793 450; baseline -0.004 -16"><span class='ocrx_word' id='word_1_4' title='bbox 241 407 275 434; x_wconf 68' lang='grc' dir='ltr'><strong>Ὶῒ</strong></span> <span class='ocrx_word' id='word_1_5' title='bbox 693 414 793 450; x_wconf 72' lang='lat' dir='ltr'><strong>DE</strong></span> 
     </span>
    </p>
   </div>
   <div class='ocr_carea' id='block_1_4' title="bbox 360 529 1123 598">
    <p class='ocr_par' dir='ltr' id='par_1_4' title="bbox 360 529 1123 598">
     <span class='ocr_line' id='line_1_4' title="bbox 360 529 1123 598; baseline 0 0"><span class='ocrx_word' id='word_1_6' title='bbox 360 529 1123 598; x_wconf 85' lang='lat' dir='ltr'><strong>T.LIVIO</strong></span> 
     </span>
    </p>
   </div>
   <div class='ocr_carea' id='block_1_5' title="bbox 682 687 775 722">
    <p class='ocr_par' dir='ltr' id='par_1_5' title="bbox 682 687 775 722">
     <span class='ocr_line' id='line_1_5' title="bbox 682 687 775 722; baseline -0.011 0"><span class='ocrx_word' id='word_1_7' title='bbox 682 687 775 722; x_wconf 87' lang='lat' dir='ltr'><strong>EX</strong></span> 
     </span>
    </p>
   </div>
   <div class='ocr_carea' id='block_1_6' title="bbox 121 803 1358 872">
    <p class='ocr_par' dir='ltr' id='par_1_6' title="bbox 121 803 1358 872">
     <span class='ocr_line' id='line_1_6' title="bbox 121 803 1358 872; baseline -0.002 -16"><span class='ocrx_word' id='word_1_8' title='bbox 121 805 191 857; x_wconf 76' lang='lat' dir='ltr'><strong>Jo.</strong></span> <span class='ocrx_word' id='word_1_9' title='bbox 227 805 326 853; x_wconf 83' lang='grc' dir='ltr'><strong>ΑΠ).</strong></span> <span class='ocrx_word' id='word_1_10' title='bbox 361 803 555 852; x_wconf 50' lang='lat' dir='ltr'><strong>FaFricii</strong></span> <span class='ocrx_word' id='word_1_11' title='bbox 583 803 868 852; x_wconf 69' lang='lat' dir='ltr'>Bibliotheca</span> <span class='ocrx_word' id='word_1_12' title='bbox 899 804 1056 852; x_wconf 68' lang='lat' dir='ltr'><strong>Latina</strong></span> <span class='ocrx_word' id='word_1_13' title='bbox 1081 823 1105 852; x_wconf 82' lang='lat' dir='ltr'>a</span> <span class='ocrx_word' id='word_1_14' title='bbox 1141 806 1210 853; x_wconf 84' lang='lat' dir='ltr'><strong>JO.</strong></span> <span class='ocrx_word' id='word_1_15' title='bbox 1244 809 1358 872; x_wconf 85' lang='lat' dir='ltr'><strong>Aug.</strong></span> 
     </span>
    </p>
   </div>
   <div class='ocr_carea' id='block_1_7' title="bbox 246 881 1235 965">
    <p class='ocr_par' dir='ltr' id='par_1_7' title="bbox 246 881 1235 965">
     <span class='ocr_line' id='line_1_7' title="bbox 246 881 1235 965; baseline -0.003 -14"><span class='ocrx_word' id='word_1_16' title='bbox 246 900 420 951; x_wconf 87' lang='lat' dir='ltr'><strong>Ernesti</strong></span> <span class='ocrx_word' id='word_1_17' title='bbox 447 900 621 949; x_wconf 72' lang='lat' dir='ltr'><strong>auffius</strong></span> <span class='ocrx_word' id='word_1_18' title='bbox 646 901 764 948; x_wconf 83' lang='lat' dir='ltr'><strong>edita</strong></span> <span class='ocrx_word' id='word_1_19' title='bbox 787 903 925 949; x_wconf 88' lang='lat' dir='ltr'><strong>Tom.</strong></span> <span class='ocrx_word' id='word_1_20' title='bbox 960 904 1003 961; x_wconf 93' lang='lat'><strong>1,</strong></span> <span class='ocrx_word' id='word_1_21' title='bbox 1025 918 1122 965; x_wconf 83' lang='lat' dir='ltr'><strong>cap.</strong></span> <span class='ocrx_word' id='word_1_22' title='bbox 1154 881 1235 949; x_wconf 72' lang='lat' dir='ltr'><strong>XL</strong></span> 
     </span>
    </p>
   </div>
   <div class='ocr_carea' id='block_1_8' title="bbox 405 1051 569 1064">
    <p class='ocr_par' dir='ltr' id='par_1_8' title="bbox 405 1051 569 1064">
     <span class='ocr_line' id='line_1_8' title="bbox 405 1051 569 1064; baseline 0 0"><span class='ocrx_word' id='word_1_23' title='bbox 405 1051 569 1064; x_wconf 95' lang='lat' dir='ltr'><strong> </strong></span> 
     </span>
    </p>
   </div>
   <div class='ocr_carea' id='block_1_9' title="bbox 573 1051 734 1062">
    <p class='ocr_par' dir='ltr' id='par_1_9' title="bbox 573 1051 734 1062">
     <span class='ocr_line' id='line_1_9' title="bbox 573 1051 734 1062; baseline 0 1741"><span class='ocrx_word' id='word_1_24' title='bbox 573 1051 734 1062; x_wconf 95' lang='lat' dir='ltr'><strong> </strong></span> 
     </span>
    </p>
   </div>
   <div class='ocr_carea' id='block_1_10' title="bbox 738 1051 897 1062">
    <p class='ocr_par' dir='ltr' id='par_1_10' title="bbox 738 1051 897 1062">
     <span class='ocr_line' id='line_1_10' title="bbox 738 1051 897 1062; baseline 0 0"><span class='ocrx_word' id='word_1_25' title='bbox 738 1051 897 1062; x_wconf 95' lang='lat' dir='ltr'><strong> </strong></span> 
     </span>
    </p>
   </div>
   <div class='ocr_carea' id='block_1_11' title="bbox 546 1144 969 1198">
    <p class='ocr_par' dir='ltr' id='par_1_11' title="bbox 546 1144 969 1198">
     <span class='ocr_line' id='line_1_11' title="bbox 546 1144 969 1198; baseline 0 0"><span class='ocrx_word' id='word_1_26' title='bbox 546 1153 774 1198; x_wconf 87' lang='lat' dir='ltr'><em>LIVII</em></span> <span class='ocrx_word' id='word_1_27' title='bbox 825 1144 969 1198; x_wconf 47' lang='lat' dir='ltr'><em>aetas(</em></span> 
     </span>
    </p>
   </div>
   <div class='ocr_carea' id='block_1_12' title="bbox 31 1241 1390 1444">
    <p class='ocr_par' dir='ltr' id='par_1_12' title="bbox 31 1241 1390 1444">
     <span class='ocr_line' id='line_1_12' title="bbox 103 1241 1390 1376; baseline 0.002 -18"><span class='ocrx_word' id='word_1_28' title='bbox 103 1241 324 1358; x_wconf 63' lang='lat' dir='ltr'><em>ZTUS</em></span> <span class='ocrx_word' id='word_1_29' title='bbox 354 1310 585 1356; x_wconf 78' lang='lat' dir='ltr'><em>LIVIUS</em></span> <span class='ocrx_word' id='word_1_30' title='bbox 617 1320 742 1356; x_wconf 80' lang='lat' dir='ltr'><strong>anno</strong></span> <span class='ocrx_word' id='word_1_31' title='bbox 772 1308 909 1357; x_wconf 84' lang='lat' dir='ltr'>Urbis</span> <span class='ocrx_word' id='word_1_32' title='bbox 939 1311 1100 1357; x_wconf 85' lang='lat' dir='ltr'><strong>Romae</strong></span> <span class='ocrx_word' id='word_1_33' title='bbox 1130 1311 1239 1376; x_wconf 84' lang='lat'><strong>695.</strong></span> <span class='ocrx_word' id='word_1_34' title='bbox 1268 1321 1282 1343; x_wconf 83' lang='lat'>¹</span> <span class='ocrx_word' id='word_1_35' title='bbox 1317 1330 1390 1360; x_wconf 68' lang='lat' dir='ltr'><strong>na«-</strong></span> 
     </span>
     <span class='ocr_line' id='line_1_13' title="bbox 31 1379 1389 1444; baseline 0.003 -16"><span class='ocrx_word' id='word_1_36' title='bbox 31 1411 34 1414; x_wconf 92' lang='lat'><em>-</em></span> <span class='ocrx_word' id='word_1_37' title='bbox 91 1393 162 1429; x_wconf 83' lang='lat' dir='ltr'><strong>tus</strong></span> <span class='ocrx_word' id='word_1_38' title='bbox 194 1379 368 1429; x_wconf 86' lang='lat' dir='ltr'><strong>Patavii</strong></span> <span class='ocrx_word' id='word_1_39' title='bbox 396 1390 413 1411; x_wconf 87' lang='lat'>2</span> <span class='ocrx_word' id='word_1_40' title='bbox 446 1380 622 1444; x_wconf 90' lang='lat' dir='ltr'><strong>oppido</strong></span> <span class='ocrx_word' id='word_1_41' title='bbox 656 1381 952 1430; x_wconf 83' lang='lat' dir='ltr'><strong>vetustiffimo</strong></span> <span class='ocrx_word' id='word_1_42' title='bbox 984 1383 1119 1430; x_wconf 86' lang='lat' dir='ltr'><strong>Italiae</strong></span> <span class='ocrx_word' id='word_1_43' title='bbox 1149 1385 1204 1432; x_wconf 86' lang='lat' dir='ltr'><strong>ad</strong></span> <span class='ocrx_word' id='word_1_44' title='bbox 1230 1385 1389 1432; x_wconf 79' lang='lat' dir='ltr'><strong>Tima-</strong></span> 
     </span>
    </p>
   </div>
   <div class='ocr_carea' id='block_1_13' title="bbox 89 1526 704 2508">
    <p class='ocr_par' dir='ltr' id='par_1_13' title="bbox 92 1526 702 1625">
     <span class='ocr_line' id='line_1_14' title="bbox 151 1526 702 1569; baseline -0.002 -1"><span class='ocrx_word' id='word_1_45' title='bbox 151 1543 166 1568; x_wconf 89' lang='lat'><strong>1</strong></span> <span class='ocrx_word' id='word_1_46' title='bbox 183 1528 221 1569; x_wconf 81' lang='lat' dir='ltr'><strong>Si</strong></span> <span class='ocrx_word' id='word_1_47' title='bbox 234 1527 398 1568; x_wconf 83' lang='lat' dir='ltr'><strong>Eusebio</strong></span> <span class='ocrx_word' id='word_1_48' title='bbox 415 1527 509 1567; x_wconf 85' lang='lat' dir='ltr'><strong>fides</strong></span> <span class='ocrx_word' id='word_1_49' title='bbox 525 1526 565 1566; x_wconf 85' lang='lat' dir='ltr'><strong>in</strong></span> <span class='ocrx_word' id='word_1_50' title='bbox 579 1526 702 1569; x_wconf 86' lang='lat' dir='ltr'><strong>Chro-</strong></span> 
     </span>
     <span class='ocr_line' id='line_1_15' title="bbox 92 1596 194 1625; baseline -0.029 0"><span class='ocrx_word' id='word_1_51' title='bbox 92 1596 194 1625; x_wconf 86' lang='lat' dir='ltr'><strong>meo.</strong></span> 
     </span>
    </p>

    <p class='ocr_par' dir='ltr' id='par_1_14' title="bbox 89 1634 704 2508">
     <span class='ocr_line' id='line_1_16' title="bbox 151 1634 702 1677; baseline -0.004 0"><span class='ocrx_word' id='word_1_52' title='bbox 151 1653 171 1677; x_wconf 88' lang='lat'>2</span> <span class='ocrx_word' id='word_1_53' title='bbox 201 1637 305 1677; x_wconf 82' lang='lat' dir='ltr'><strong>Hinc</strong></span> <span class='ocrx_word' id='word_1_54' title='bbox 331 1636 472 1677; x_wconf 80' lang='lat' dir='ltr'><strong>Asmius</strong></span> <span class='ocrx_word' id='word_1_55' title='bbox 500 1634 621 1676; x_wconf 85' lang='lat' dir='ltr'><strong>Pollio</strong></span> <span class='ocrx_word' id='word_1_56' title='bbox 646 1643 702 1675; x_wconf 86' lang='lat' dir='ltr'><strong>te-</strong></span> 
     </span>
     <span class='ocr_line' id='line_1_17' title="bbox 93 1690 700 1743; baseline -0.003 -10"><span class='ocrx_word' id='word_1_57' title='bbox 93 1692 148 1733; x_wconf 81' lang='lat' dir='ltr'><strong>ste</strong></span> <span class='ocrx_word' id='word_1_58' title='bbox 165 1691 428 1743; x_wconf 55' lang='lat' dir='ltr'><strong>Quineiiliano</strong></span> <span class='ocrx_word' id='word_1_59' title='bbox 450 1690 473 1731; x_wconf 90' lang='grc'><strong>1.</strong></span> <span class='ocrx_word' id='word_1_60' title='bbox 507 1705 536 1731; x_wconf 81' lang='lat'><strong>1.</strong></span> <span class='ocrx_word' id='word_1_61' title='bbox 557 1702 592 1731; x_wconf 80' lang='lat' dir='ltr'><strong>e.</strong></span> <span class='ocrx_word' id='word_1_62' title='bbox 615 1705 645 1741; x_wconf 90' lang='lat'><strong>5.</strong></span> <span class='ocrx_word' id='word_1_63' title='bbox 665 1693 700 1731; x_wconf 62' lang='grc' dir='ltr'><strong>δέ</strong></span> 
     </span>
     <span class='ocr_line' id='line_1_18' title="bbox 91 1745 700 1796; baseline -0.005 -10"><span class='ocrx_word' id='word_1_64' title='bbox 91 1747 117 1786; x_wconf 83' lang='grc'><strong>1.</strong></span> <span class='ocrx_word' id='word_1_65' title='bbox 138 1747 173 1786; x_wconf 89' lang='lat'><strong>8.</strong></span> <span class='ocrx_word' id='word_1_66' title='bbox 199 1759 232 1786; x_wconf 83' lang='lat' dir='ltr'><strong>e.</strong></span> <span class='ocrx_word' id='word_1_67' title='bbox 267 1761 298 1785; x_wconf 85' lang='grc' dir='ltr'><strong>ι.</strong></span> <span class='ocrx_word' id='word_1_68' title='bbox 324 1746 452 1796; x_wconf 85' lang='lat' dir='ltr'><strong>ajebat</strong></span> <span class='ocrx_word' id='word_1_69' title='bbox 475 1745 513 1784; x_wconf 90' lang='lat' dir='ltr'><strong>se</strong></span> <span class='ocrx_word' id='word_1_70' title='bbox 539 1746 578 1784; x_wconf 88' lang='lat' dir='ltr'><strong>in</strong></span> <span class='ocrx_word' id='word_1_71' title='bbox 605 1745 700 1785; x_wconf 85' lang='lat' dir='ltr'><strong>Livii</strong></span> 
     </span>
     <span class='ocr_line' id='line_1_19' title="bbox 89 1800 701 1852; baseline -0.005 -11"><span class='ocrx_word' id='word_1_72' title='bbox 89 1800 241 1852; x_wconf 83' lang='lat' dir='ltr'><strong>scriptis</strong></span> <span class='ocrx_word' id='word_1_73' title='bbox 272 1802 555 1840; x_wconf 78' lang='lat' dir='ltr'><strong>Patavinitatem</strong></span> <span class='ocrx_word' id='word_1_74' title='bbox 585 1813 701 1851; x_wconf 83' lang='lat' dir='ltr'><strong>quan-</strong></span> 
     </span>
     <span class='ocr_line' id='line_1_20' title="bbox 93 1854 701 1904; baseline -0.002 -10"><span class='ocrx_word' id='word_1_75' title='bbox 93 1856 183 1894; x_wconf 79' lang='lat' dir='ltr'><strong>dam</strong></span> <span class='ocrx_word' id='word_1_76' title='bbox 195 1887 205 1904; x_wconf 89' lang='lat'>‚</span> <span class='ocrx_word' id='word_1_77' title='bbox 220 1854 297 1894; x_wconf 91' lang='lat' dir='ltr'><strong>hoc</strong></span> <span class='ocrx_word' id='word_1_78' title='bbox 313 1855 364 1894; x_wconf 88' lang='lat' dir='ltr'><strong>est</strong></span> <span class='ocrx_word' id='word_1_79' title='bbox 378 1886 389 1903; x_wconf 73' lang='lat'>‚</span> <span class='ocrx_word' id='word_1_80' title='bbox 405 1855 592 1894; x_wconf 70' lang='lat' dir='ltr'><strong>difflones</strong></span> <span class='ocrx_word' id='word_1_81' title='bbox 607 1868 701 1894; x_wconf 87' lang='lat' dir='ltr'><strong>non-</strong></span> 
     </span>
     <span class='ocr_line' id='line_1_21' title="bbox 90 1908 699 1960; baseline -0.002 -11"><span class='ocrx_word' id='word_1_82' title='bbox 90 1908 215 1949; x_wconf 80' lang='lat' dir='ltr'><strong>nullas</strong></span> <span class='ocrx_word' id='word_1_83' title='bbox 247 1909 436 1949; x_wconf 79' lang='lat' dir='ltr'><strong>Patavinis</strong></span> <span class='ocrx_word' id='word_1_84' title='bbox 464 1910 635 1960; x_wconf 79' lang='lat' dir='ltr'><strong>proprias</strong></span> <span class='ocrx_word' id='word_1_85' title='bbox 662 1911 699 1948; x_wconf 68' lang='grc' dir='ltr'><strong>δ’(</strong></span> 
     </span>
     <span class='ocr_line' id='line_1_22' title="bbox 91 1962 698 2004; baseline -0.003 0"><span class='ocrx_word' id='word_1_86' title='bbox 91 1963 277 2004; x_wconf 83' lang='lat' dir='ltr'><strong>Romanis</strong></span> <span class='ocrx_word' id='word_1_87' title='bbox 306 1964 460 2003; x_wconf 84' lang='lat' dir='ltr'><strong>auribus</strong></span> <span class='ocrx_word' id='word_1_88' title='bbox 491 1962 698 2002; x_wconf 80' lang='lat' dir='ltr'><strong>insolentes</strong></span> 
     </span>
     <span class='ocr_line' id='line_1_23' title="bbox 91 2017 700 2068; baseline -0.003 -10"><span class='ocrx_word' id='word_1_89' title='bbox 91 2017 330 2065; x_wconf 81' lang='lat' dir='ltr'><strong>observaffe‚</strong></span> <span class='ocrx_word' id='word_1_90' title='bbox 366 2031 528 2068; x_wconf 85' lang='lat' dir='ltr'><strong>quarum</strong></span> <span class='ocrx_word' id='word_1_91' title='bbox 568 2025 700 2057; x_wconf 80' lang='lat' dir='ltr'><strong>tamen</strong></span> 
     </span>
     <span class='ocr_line' id='line_1_24' title="bbox 89 2071 699 2123; baseline 0.002 -12"><span class='ocrx_word' id='word_1_92' title='bbox 89 2071 197 2112; x_wconf 79' lang='lat' dir='ltr'><strong>nulla</strong></span> <span class='ocrx_word' id='word_1_93' title='bbox 231 2073 271 2111; x_wconf 92' lang='lat' dir='ltr'><strong>in</strong></span> <span class='ocrx_word' id='word_1_94' title='bbox 301 2071 449 2123; x_wconf 88' lang='lat' dir='ltr'><strong>scriptis</strong></span> <span class='ocrx_word' id='word_1_95' title='bbox 487 2074 593 2122; x_wconf 80' lang='lat' dir='ltr'><strong>ejus,</strong></span> <span class='ocrx_word' id='word_1_96' title='bbox 615 2085 699 2123; x_wconf 82' lang='lat' dir='ltr'><strong>quae</strong></span> 
     </span>
     <span class='ocr_line' id='line_1_25' title="bbox 90 2125 700 2177; baseline -0.002 -11"><span class='ocrx_word' id='word_1_97' title='bbox 90 2126 211 2166; x_wconf 87' lang='lat' dir='ltr'><strong>hodie</strong></span> <span class='ocrx_word' id='word_1_98' title='bbox 240 2125 441 2176; x_wconf 82' lang='lat' dir='ltr'><strong>supersunt</strong></span> <span class='ocrx_word' id='word_1_99' title='bbox 463 2126 616 2177; x_wconf 81' lang='lat' dir='ltr'><strong>vestigia</strong></span> <span class='ocrx_word' id='word_1_100' title='bbox 638 2126 700 2165; x_wconf 91' lang='lat' dir='ltr'><strong>su-</strong></span> 
     </span>
     <span class='ocr_line' id='line_1_26' title="bbox 90 2179 701 2232; baseline 0 -12"><span class='ocrx_word' id='word_1_101' title='bbox 90 2179 235 2232; x_wconf 84' lang='lat' dir='ltr'><strong>pereffe</strong></span> <span class='ocrx_word' id='word_1_102' title='bbox 266 2182 469 2220; x_wconf 80' lang='lat' dir='ltr'><strong>contendit</strong></span> <span class='ocrx_word' id='word_1_103' title='bbox 499 2180 701 2221; x_wconf 83' lang='lat' dir='ltr'><strong>Salmafius</strong></span> 
     </span>
     <span class='ocr_line' id='line_1_27' title="bbox 90 2235 703 2287; baseline -0.002 -12"><span class='ocrx_word' id='word_1_104' title='bbox 90 2235 132 2275; x_wconf 89' lang='lat' dir='ltr'><strong>in</strong></span> <span class='ocrx_word' id='word_1_105' title='bbox 161 2235 294 2275; x_wconf 82' lang='lat' dir='ltr'><strong>funere</strong></span> <span class='ocrx_word' id='word_1_106' title='bbox 319 2235 458 2287; x_wconf 85' lang='lat' dir='ltr'><strong>linguae</strong></span> <span class='ocrx_word' id='word_1_107' title='bbox 488 2235 703 2275; x_wconf 77' lang='lat' dir='ltr'><strong>Hellenisti-</strong></span> 
     </span>
     <span class='ocr_line' id='line_1_28' title="bbox 91 2290 702 2342; baseline 0.003 -14"><span class='ocrx_word' id='word_1_108' title='bbox 91 2303 146 2329; x_wconf 88' lang='lat' dir='ltr'><strong>cae</strong></span> <span class='ocrx_word' id='word_1_109' title='bbox 162 2302 198 2340; x_wconf 92' lang='lat' dir='ltr'><strong>p.</strong></span> <span class='ocrx_word' id='word_1_110' title='bbox 225 2291 312 2340; x_wconf 82' lang='lat'><strong>236.</strong></span> <span class='ocrx_word' id='word_1_111' title='bbox 329 2292 371 2330; x_wconf 83' lang='lat'><strong>-&amp;</strong></span> <span class='ocrx_word' id='word_1_112' title='bbox 397 2290 491 2331; x_wconf 88' lang='lat' dir='ltr'><strong>Dan.</strong></span> <span class='ocrx_word' id='word_1_113' title='bbox 516 2290 702 2342; x_wconf 79' lang='lat' dir='ltr'><strong>Georgius</strong></span> 
     </span>
     <span class='ocr_line' id='line_1_29' title="bbox 91 2341 702 2392; baseline 0 -8"><span class='ocrx_word' id='word_1_114' title='bbox 91 2341 312 2384; x_wconf 73' lang='lat' dir='ltr'><strong>Morhofiu&#39;s</strong></span> <span class='ocrx_word' id='word_1_115' title='bbox 336 2344 375 2382; x_wconf 90' lang='lat' dir='ltr'><strong>in</strong></span> <span class='ocrx_word' id='word_1_116' title='bbox 401 2344 499 2383; x_wconf 81' lang='lat' dir='ltr'><strong>libro</strong></span> <span class='ocrx_word' id='word_1_117' title='bbox 525 2344 702 2392; x_wconf 64' lang='lat' dir='ltr'><strong>singulari</strong></span> 
     </span>
     <span class='ocr_line' id='line_1_30' title="bbox 94 2398 704 2440; baseline 0.002 -3"><span class='ocrx_word' id='word_1_118' title='bbox 94 2398 144 2437; x_wconf 91' lang='lat' dir='ltr'><strong>de</strong></span> <span class='ocrx_word' id='word_1_119' title='bbox 178 2398 424 2438; x_wconf 80' lang='lat' dir='ltr'><strong>Patavinitate</strong></span> <span class='ocrx_word' id='word_1_120' title='bbox 448 2399 602 2439; x_wconf 74' lang='lat' dir='ltr'><strong>Liviana</strong></span> <span class='ocrx_word' id='word_1_121' title='bbox 633 2400 704 2440; x_wconf 87' lang='lat' dir='ltr'><strong>Ki-</strong></span> 
     </span>
     <span class='ocr_line' id='line_1_31' title="bbox 92 2451 702 2508; baseline 0.002 -15"><span class='ocrx_word' id='word_1_122' title='bbox 92 2451 173 2494; x_wconf 76' lang='lat' dir='ltr'><strong>lon.</strong></span> <span class='ocrx_word' id='word_1_123' title='bbox 203 2454 316 2508; x_wconf 80' lang='lat'><strong>1685.</strong></span> <span class='ocrx_word' id='word_1_124' title='bbox 341 2455 375 2495; x_wconf 67' lang='grc' dir='ltr'><strong>ὃς</strong></span> <span class='ocrx_word' id='word_1_125' title='bbox 393 2454 492 2494; x_wconf 82' lang='lat' dir='ltr'><strong>inter</strong></span> <span class='ocrx_word' id='word_1_126' title='bbox 509 2453 599 2494; x_wconf 78' lang='lat' dir='ltr'><strong>alias</strong></span> <span class='ocrx_word' id='word_1_127' title='bbox 619 2466 702 2505; x_wconf 62' lang='lat' dir='ltr'><strong>ejus</strong></span> 
     </span>
    </p>
   </div>
   <div class='ocr_carea' id='block_1_14' title="bbox 775 1525 1391 2502">
    <p class='ocr_par' dir='ltr' id='par_1_15' title="bbox 775 1525 1391 2502">
     <span class='ocr_line' id='line_1_32' title="bbox 781 1525 1389 1576; baseline -0.003 -9"><span class='ocrx_word' id='word_1_128' title='bbox 781 1525 861 1568; x_wconf 78' lang='lat' dir='ltr'><strong>diff.</strong></span> <span class='ocrx_word' id='word_1_129' title='bbox 882 1526 1027 1568; x_wconf 84' lang='lat' dir='ltr'><strong>Hamb.</strong></span> <span class='ocrx_word' id='word_1_130' title='bbox 1063 1527 1173 1576; x_wconf 76' lang='lat'><strong>1660.</strong></span> <span class='ocrx_word' id='word_1_131' title='bbox 1195 1541 1231 1575; x_wconf 82' lang='lat'><strong>4.</strong></span> <span class='ocrx_word' id='word_1_132' title='bbox 1257 1526 1301 1568; x_wconf 85' lang='lat' dir='ltr'><strong>In</strong></span> <span class='ocrx_word' id='word_1_133' title='bbox 1317 1527 1389 1567; x_wconf 83' lang='lat' dir='ltr'><strong>hu.</strong></span> 
     </span>
     <span class='ocr_line' id='line_1_33' title="bbox 779 1581 1390 1633; baseline 0.003 -13"><span class='ocrx_word' id='word_1_134' title='bbox 779 1584 839 1632; x_wconf 83' lang='lat' dir='ltr'><strong>jus</strong></span> <span class='ocrx_word' id='word_1_135' title='bbox 870 1581 953 1621; x_wconf 88' lang='lat' dir='ltr'>libri</span> <span class='ocrx_word' id='word_1_136' title='bbox 981 1582 1105 1633; x_wconf 80' lang='lat' dir='ltr'><strong>capite</strong></span> <span class='ocrx_word' id='word_1_137' title='bbox 1135 1582 1186 1622; x_wconf 78' lang='lat' dir='ltr'><strong>III</strong></span> <span class='ocrx_word' id='word_1_138' title='bbox 1222 1582 1390 1622; x_wconf 75' lang='lat' dir='ltr'><strong>Morbo-</strong></span> 
     </span>
     <span class='ocr_line' id='line_1_34' title="bbox 779 1636 1390 1688; baseline 0.003 -13"><span class='ocrx_word' id='word_1_139' title='bbox 779 1636 851 1675; x_wconf 88' lang='lat' dir='ltr'><strong>fius</strong></span> <span class='ocrx_word' id='word_1_140' title='bbox 879 1636 1020 1676; x_wconf 74' lang='lat' dir='ltr'><strong>diss&#39;erit</strong></span> <span class='ocrx_word' id='word_1_141' title='bbox 1047 1637 1161 1675; x_wconf 75' lang='lat' dir='ltr'><strong>etiam</strong></span> <span class='ocrx_word' id='word_1_142' title='bbox 1186 1637 1234 1676; x_wconf 87' lang='lat' dir='ltr'><strong>de</strong></span> <span class='ocrx_word' id='word_1_143' title='bbox 1260 1637 1390 1688; x_wconf 74' lang='lat' dir='ltr'><strong>sepui-</strong></span> 
     </span>
     <span class='ocr_line' id='line_1_35' title="bbox 781 1692 1390 1742; baseline 0.002 -12"><span class='ocrx_word' id='word_1_144' title='bbox 781 1703 845 1730; x_wconf 81' lang='lat' dir='ltr'><strong>cro</strong></span> <span class='ocrx_word' id='word_1_145' title='bbox 889 1704 934 1731; x_wconf 78' lang='lat' dir='ltr'><strong>ac</strong></span> <span class='ocrx_word' id='word_1_146' title='bbox 972 1701 1227 1731; x_wconf 83' lang='lat' dir='ltr'><strong>monumento</strong></span> <span class='ocrx_word' id='word_1_147' title='bbox 1259 1692 1390 1742; x_wconf 78' lang='lat' dir='ltr'><strong>Livii,</strong></span> 
     </span>
     <span class='ocr_line' id='line_1_36' title="bbox 781 1745 1389 1798; baseline 0.003 -14"><span class='ocrx_word' id='word_1_148' title='bbox 781 1746 886 1797; x_wconf 86' lang='lat' dir='ltr'><strong>quod</strong></span> <span class='ocrx_word' id='word_1_149' title='bbox 919 1746 1086 1786; x_wconf 76' lang='lat' dir='ltr'><strong>Patavini</strong></span> <span class='ocrx_word' id='word_1_150' title='bbox 1120 1745 1315 1798; x_wconf 87' lang='lat' dir='ltr'><strong>hodieque</strong></span> <span class='ocrx_word' id='word_1_151' title='bbox 1343 1761 1389 1786; x_wconf 89' lang='lat' dir='ltr'><strong>o-</strong></span> 
     </span>
     <span class='ocr_line' id='line_1_37' title="bbox 779 1800 1388 1852; baseline 0 -12"><span class='ocrx_word' id='word_1_152' title='bbox 779 1801 966 1849; x_wconf 79' lang='lat' dir='ltr'><strong>stentant,</strong></span> <span class='ocrx_word' id='word_1_153' title='bbox 996 1814 1042 1841; x_wconf 84' lang='lat' dir='ltr'><strong>ac</strong></span> <span class='ocrx_word' id='word_1_154' title='bbox 1077 1800 1251 1852; x_wconf 84' lang='lat' dir='ltr'><strong>pluribus</strong></span> <span class='ocrx_word' id='word_1_155' title='bbox 1280 1801 1388 1840; x_wconf 86' lang='lat' dir='ltr'><strong>cele·</strong></span> 
     </span>
     <span class='ocr_line' id='line_1_38' title="bbox 779 1854 1391 1906; baseline 0 -11"><span class='ocrx_word' id='word_1_156' title='bbox 779 1854 902 1895; x_wconf 79' lang='lat' dir='ltr'><strong>bravit</strong></span> <span class='ocrx_word' id='word_1_157' title='bbox 925 1855 1001 1903; x_wconf 73' lang='lat' dir='ltr'><strong>jac.</strong></span> <span class='ocrx_word' id='word_1_158' title='bbox 1031 1854 1227 1906; x_wconf 78' lang='lat' dir='ltr'><strong>Philippus</strong></span> <span class='ocrx_word' id='word_1_159' title='bbox 1249 1855 1391 1895; x_wconf 85' lang='lat' dir='ltr'><strong>Toma-</strong></span> 
     </span>
     <span class='ocr_line' id='line_1_39' title="bbox 778 1909 1388 1963; baseline 0.005 -15"><span class='ocrx_word' id='word_1_160' title='bbox 778 1909 877 1948; x_wconf 86' lang='lat' dir='ltr'><strong>smus</strong></span> <span class='ocrx_word' id='word_1_161' title='bbox 906 1910 943 1948; x_wconf 90' lang='lat' dir='ltr'><strong>in</strong></span> <span class='ocrx_word' id='word_1_162' title='bbox 960 1911 1006 1950; x_wconf 89' lang='lat' dir='ltr'><strong>T.</strong></span> <span class='ocrx_word' id='word_1_163' title='bbox 1022 1910 1115 1949; x_wconf 80' lang='lat' dir='ltr'><strong>Livii</strong></span> <span class='ocrx_word' id='word_1_164' title='bbox 1136 1910 1213 1949; x_wconf 78' lang='lat' dir='ltr'><strong>vita</strong></span> <span class='ocrx_word' id='word_1_165' title='bbox 1229 1916 1245 1963; x_wconf 62' lang='lat'>&lt;</span> <span class='ocrx_word' id='word_1_166' title='bbox 1260 1910 1388 1952; x_wconf 68' lang='lat' dir='ltr'><strong>patav.</strong></span> 
     </span>
     <span class='ocr_line' id='line_1_40' title="bbox 784 1963 1387 2018; baseline 0.003 -16"><span class='ocrx_word' id='word_1_167' title='bbox 784 1964 895 2016; x_wconf 83' lang='lat'><strong>1630.</strong></span> <span class='ocrx_word' id='word_1_168' title='bbox 925 1979 961 2013; x_wconf 89' lang='lat'><strong>4.</strong></span> <span class='ocrx_word' id='word_1_169' title='bbox 999 1963 1110 2004; x_wconf 74' lang='lat' dir='ltr'><strong>Amst.</strong></span> <span class='ocrx_word' id='word_1_170' title='bbox 1147 1965 1258 2014; x_wconf 89' lang='lat'>1670.</span> <span class='ocrx_word' id='word_1_171' title='bbox 1294 1966 1387 2018; x_wconf 83' lang='lat'><strong>12..)</strong></span> 
     </span>
     <span class='ocr_line' id='line_1_41' title="bbox 776 2018 1388 2069; baseline 0.002 -12"><span class='ocrx_word' id='word_1_172' title='bbox 776 2018 899 2068; x_wconf 79' lang='lat' dir='ltr'><strong>capite</strong></span> <span class='ocrx_word' id='word_1_173' title='bbox 917 2018 984 2057; x_wconf 82' lang='lat' dir='ltr'><strong>IX.</strong></span> <span class='ocrx_word' id='word_1_174' title='bbox 1007 2018 1177 2066; x_wconf 76' lang='lat' dir='ltr'><strong>Confer,</strong></span> <span class='ocrx_word' id='word_1_175' title='bbox 1194 2019 1218 2057; x_wconf 81' lang='lat' dir='ltr'><strong>{i</strong></span> <span class='ocrx_word' id='word_1_176' title='bbox 1246 2018 1388 2069; x_wconf 75' lang='lat' dir='ltr'><strong>placet,</strong></span> 
     </span>
     <span class='ocr_line' id='line_1_42' title="bbox 775 2072 1386 2114; baseline 0 -2"><span class='ocrx_word' id='word_1_177' title='bbox 775 2073 931 2112; x_wconf 83' lang='lat' dir='ltr'><strong>Sertorii</strong></span> <span class='ocrx_word' id='word_1_178' title='bbox 957 2072 1078 2114; x_wconf 74' lang='lat' dir='ltr'><strong>Ursari</strong></span> <span class='ocrx_word' id='word_1_179' title='bbox 1096 2086 1286 2112; x_wconf 81' lang='lat' dir='ltr'><strong>marmora</strong></span> <span class='ocrx_word' id='word_1_180' title='bbox 1303 2087 1386 2113; x_wconf 81' lang='lat' dir='ltr'><strong>eru-</strong></span> 
     </span>
     <span class='ocr_line' id='line_1_43' title="bbox 779 2127 1383 2178; baseline 0.005 -13"><span class='ocrx_word' id='word_1_181' title='bbox 779 2127 860 2166; x_wconf 83' lang='lat' dir='ltr'><strong>dita</strong></span> <span class='ocrx_word' id='word_1_182' title='bbox 890 2127 1002 2178; x_wconf 83' lang='lat' dir='ltr'><strong>Epist.</strong></span> <span class='ocrx_word' id='word_1_183' title='bbox 1027 2127 1130 2168; x_wconf 85' lang='lat' dir='ltr'><strong>VIII.</strong></span> <span class='ocrx_word' id='word_1_184' title='bbox 1150 2130 1185 2167; x_wconf 68' lang='grc' dir='ltr'><strong>δε</strong></span> <span class='ocrx_word' id='word_1_185' title='bbox 1203 2128 1383 2168; x_wconf 82' lang='lat' dir='ltr'><strong>Monum.</strong></span> 
     </span>
     <span class='ocr_line' id='line_1_44' title="bbox 778 2181 1390 2232; baseline 0.003 -12"><span class='ocrx_word' id='word_1_186' title='bbox 778 2181 904 2221; x_wconf 78' lang='lat' dir='ltr'><strong>Patav.</strong></span> <span class='ocrx_word' id='word_1_187' title='bbox 942 2195 979 2232; x_wconf 90' lang='lat' dir='ltr'><strong>p.</strong></span> <span class='ocrx_word' id='word_1_188' title='bbox 1014 2196 1062 2232; x_wconf 84' lang='lat'><strong>27</strong></span> <span class='ocrx_word' id='word_1_189' title='bbox 1096 2184 1132 2222; x_wconf 64' lang='grc' dir='ltr'>ἃ</span> <span class='ocrx_word' id='word_1_190' title='bbox 1162 2196 1248 2222; x_wconf 86' lang='lat'><strong>202.</strong></span> <span class='ocrx_word' id='word_1_191' title='bbox 1287 2183 1390 2223; x_wconf 83' lang='lat' dir='ltr'><strong>Tre-&#39;-</strong></span> 
     </span>
     <span class='ocr_line' id='line_1_45' title="bbox 779 2235 1391 2276; baseline 0.003 -2"><span class='ocrx_word' id='word_1_192' title='bbox 779 2235 1074 2276; x_wconf 77' lang='lat' dir='ltr'><strong>wenschroederi</strong></span> <span class='ocrx_word' id='word_1_193' title='bbox 1111 2237 1222 2276; x_wconf 72' lang='lat' dir='ltr'><strong>fastos</strong></span> <span class='ocrx_word' id='word_1_194' title='bbox 1270 2237 1391 2276; x_wconf 81' lang='lat' dir='ltr'><strong>Livia-</strong></span> 
     </span>
     <span class='ocr_line' id='line_1_46' title="bbox 777 2292 1388 2343; baseline 0.002 -14"><span class='ocrx_word' id='word_1_195' title='bbox 777 2303 846 2329; x_wconf 84' lang='lat' dir='ltr'><strong>nos</strong></span> <span class='ocrx_word' id='word_1_196' title='bbox 874 2304 910 2341; x_wconf 83' lang='lat' dir='ltr'><strong>p.</strong></span> <span class='ocrx_word' id='word_1_197' title='bbox 931 2303 1017 2343; x_wconf 82' lang='lat'><strong>304.</strong></span> <span class='ocrx_word' id='word_1_198' title='bbox 1040 2294 1076 2331; x_wconf 53' lang='grc' dir='ltr'><strong>δι’</strong></span> <span class='ocrx_word' id='word_1_199' title='bbox 1090 2292 1279 2341; x_wconf 77' lang='lat' dir='ltr'><strong>Jounnem</strong></span> <span class='ocrx_word' id='word_1_200' title='bbox 1299 2292 1388 2332; x_wconf 71' lang='grc' dir='ltr'><strong>’Μα-</strong></span> 
     </span>
     <span class='ocr_line' id='line_1_47' title="bbox 777 2344 1386 2386; baseline 0 -3"><span class='ocrx_word' id='word_1_201' title='bbox 777 2344 982 2384; x_wconf 86' lang='lat' dir='ltr'><strong>billonium</strong></span> <span class='ocrx_word' id='word_1_202' title='bbox 1013 2346 1060 2385; x_wconf 85' lang='lat' dir='ltr'><strong>T.</strong></span> <span class='ocrx_word' id='word_1_203' title='bbox 1098 2360 1128 2385; x_wconf 91' lang='lat'><strong>1.</strong></span> <span class='ocrx_word' id='word_1_204' title='bbox 1161 2345 1284 2386; x_wconf 77' lang='lat' dir='ltr'><strong>Musei</strong></span> <span class='ocrx_word' id='word_1_205' title='bbox 1312 2346 1386 2385; x_wconf 74' lang='lat' dir='ltr'><strong>lm-</strong></span> 
     </span>
     <span class='ocr_line' id='line_1_48' title="bbox 777 2399 1384 2453; baseline -0.003 -15"><span class='ocrx_word' id='word_1_206' title='bbox 777 2399 841 2438; x_wconf 75' lang='lat' dir='ltr'><strong>lici</strong></span> <span class='ocrx_word' id='word_1_207' title='bbox 870 2413 905 2451; x_wconf 93' lang='lat' dir='ltr'><strong>p.</strong></span> <span class='ocrx_word' id='word_1_208' title='bbox 930 2413 989 2453; x_wconf 81' lang='lat'><strong>30.</strong></span> <span class='ocrx_word' id='word_1_209' title='bbox 1024 2400 1279 2449; x_wconf 69' lang='lat' dir='ltr'><strong>marquardus</strong></span> <span class='ocrx_word' id='word_1_210' title='bbox 1296 2412 1384 2437; x_wconf 68' lang='lat' dir='ltr'><strong>vcro</strong></span> 
     </span>
     <span class='ocr_line' id='line_1_49' title="bbox 780 2453 1387 2502; baseline -0.005 -8"><span class='ocrx_word' id='word_1_211' title='bbox 780 2456 929 2495; x_wconf 73' lang='lat' dir='ltr'><strong>Gudius</strong></span> <span class='ocrx_word' id='word_1_212' title='bbox 946 2455 988 2495; x_wconf 87' lang='lat' dir='ltr'><strong>V.</strong></span> <span class='ocrx_word' id='word_1_213' title='bbox 1010 2455 1052 2495; x_wconf 79' lang='lat' dir='ltr'><strong>C.</strong></span> <span class='ocrx_word' id='word_1_214' title='bbox 1067 2453 1295 2502; x_wconf 48' lang='lat' dir='ltr'><strong>obn-rvavit,</strong></span> <span class='ocrx_word' id='word_1_215' title='bbox 1309 2466 1387 2492; x_wconf 69' lang='lat' dir='ltr'><strong>nw-</strong></span> 
     </span>
    </p>
   </div>
  </div>
 </body>
</html>
