<?xml version="1.0" encoding="UTF-8"?>
<!DOCTYPE html PUBLIC "-//W3C//DTD XHTML 1.0 Transitional//EN"
    "http://www.w3.org/TR/xhtml1/DTD/xhtml1-transitional.dtd">
<html xmlns="http://www.w3.org/1999/xhtml" xml:lang="en" lang="en">
 <head>
  <title>
</title>
<meta http-equiv="Content-Type" content="text/html;charset=utf-8" />
  <meta name='ocr-system' content='tesseract 3.04.00' />
  <meta name='ocr-capabilities' content='ocr_page ocr_carea ocr_par ocr_line ocrx_word'/>
</head>
<body>
  <div class='ocr_page' id='page_1' title='image "./historiarumlibri01livyuoft_0156.png"; bbox 0 0 1582 2793; ppageno 0'>
   <div class='ocr_carea' id='block_1_1' title="bbox 107 152 1225 205">
    <p class='ocr_par' dir='ltr' id='par_1_1' title="bbox 107 152 1225 205">
     <span class='ocr_line' id='line_1_1' title="bbox 107 152 1225 205; baseline 0.008 -10"><span class='ocrx_word' id='word_1_1' title='bbox 107 163 311 196; x_wconf 53' lang='lat' dir='ltr'>cxrvrrr</span> <span class='ocrx_word' id='word_1_2' title='bbox 405 152 550 196; x_wconf 86' lang='lat' dir='ltr'><em>NOT.</em></span> <span class='ocrx_word' id='word_1_3' title='bbox 589 153 786 197; x_wconf 86' lang='lat' dir='ltr'><em>LITER.</em></span> <span class='ocrx_word' id='word_1_4' title='bbox 817 154 917 198; x_wconf 85' lang='lat' dir='ltr'>DE</span> <span class='ocrx_word' id='word_1_5' title='bbox 957 156 1006 202; x_wconf 86' lang='lat' dir='ltr'>T.</span> <span class='ocrx_word' id='word_1_6' title='bbox 1033 157 1225 205; x_wconf 86' lang='lat' dir='ltr'><em>LIVIO.</em></span> 
     </span>
    </p>
   </div>
   <div class='ocr_carea' id='block_1_2' title="bbox 66 256 1403 1243">
    <p class='ocr_par' dir='ltr' id='par_1_2' title="bbox 66 256 1403 1243">
     <span class='ocr_line' id='line_1_2' title="bbox 107 256 1396 312; baseline 0.009 -18"><span class='ocrx_word' id='word_1_7' title='bbox 107 257 274 296; x_wconf 79' lang='lat' dir='ltr'>curatius</span> <span class='ocrx_word' id='word_1_8' title='bbox 292 256 463 295; x_wconf 82' lang='lat' dir='ltr'>recusam</span> <span class='ocrx_word' id='word_1_9' title='bbox 489 256 729 298; x_wconf 83' lang='lat' dir='ltr'>adhibemus.</span> <span class='ocrx_word' id='word_1_10' title='bbox 763 259 900 310; x_wconf 84' lang='lat' dir='ltr'>Neque</span> <span class='ocrx_word' id='word_1_11' title='bbox 927 274 1020 301; x_wconf 85' lang='lat' dir='ltr'>vero</span> <span class='ocrx_word' id='word_1_12' title='bbox 1056 264 1135 312; x_wconf 82' lang='lat' dir='ltr'>pari</span> <span class='ocrx_word' id='word_1_13' title='bbox 1161 264 1396 306; x_wconf 44' lang='lat' dir='ltr'>inuncton‘-</span> 
     </span>
     <span class='ocr_line' id='line_1_3' title="bbox 105 318 1283 370; baseline 0.006 -12"><span class='ocrx_word' id='word_1_14' title='bbox 105 327 186 363; x_wconf 80' lang='lat' dir='ltr'>tate</span> <span class='ocrx_word' id='word_1_15' title='bbox 210 320 324 359; x_wconf 86' lang='lat' dir='ltr'>nobis</span> <span class='ocrx_word' id='word_1_16' title='bbox 349 319 436 358; x_wconf 85' lang='lat' dir='ltr'>sunt</span> <span class='ocrx_word' id='word_1_17' title='bbox 457 318 522 358; x_wconf 83' lang='lat' dir='ltr'>illa</span> <span class='ocrx_word' id='word_1_18' title='bbox 547 320 738 370; x_wconf 79' lang='lat' dir='ltr'>DouJatii;</span> <span class='ocrx_word' id='word_1_19' title='bbox 759 323 863 362; x_wconf 85' lang='lat' dir='ltr'>unde</span> <span class='ocrx_word' id='word_1_20' title='bbox 886 322 934 362; x_wconf 82' lang='lat' dir='ltr'>ab</span> <span class='ocrx_word' id='word_1_21' title='bbox 955 324 1000 363; x_wconf 88' lang='lat' dir='ltr'>iis</span> <span class='ocrx_word' id='word_1_22' title='bbox 1022 323 1283 365; x_wconf 79' lang='lat' dir='ltr'>abstinuimus.</span> 
     </span>
     <span class='ocr_line' id='line_1_4' title="bbox 163 383 1397 437; baseline 0.007 -15"><span class='ocrx_word' id='word_1_23' title='bbox 163 383 289 422; x_wconf 85' lang='lat' dir='ltr'>Primo</span> <span class='ocrx_word' id='word_1_24' title='bbox 316 383 407 422; x_wconf 85' lang='lat' dir='ltr'>huic</span> <span class='ocrx_word' id='word_1_25' title='bbox 425 383 614 423; x_wconf 83' lang='lat' dir='ltr'>volumini</span> <span class='ocrx_word' id='word_1_26' title='bbox 635 386 753 424; x_wconf 81' lang='lat' dir='ltr'>vitam</span> <span class='ocrx_word' id='word_1_27' title='bbox 768 385 862 425; x_wconf 88' lang='lat' dir='ltr'>Livii</span> <span class='ocrx_word' id='word_1_28' title='bbox 878 388 1124 436; x_wconf 71' lang='lat' dir='ltr'>praemisimus</span> <span class='ocrx_word' id='word_1_29' title='bbox 1146 389 1266 437; x_wconf 60' lang='lat' dir='ltr'>aJac.</span> <span class='ocrx_word' id='word_1_30' title='bbox 1293 388 1397 431; x_wconf 69' lang='lat' dir='ltr'>Phil:</span> 
     </span>
     <span class='ocr_line' id='line_1_5' title="bbox 106 445 1396 503; baseline 0.003 -18"><span class='ocrx_word' id='word_1_31' title='bbox 106 446 314 486; x_wconf 81' lang='lat' dir='ltr'>Tomafino</span> <span class='ocrx_word' id='word_1_32' title='bbox 342 446 456 485; x_wconf 50' lang='lat' dir='ltr'>docffe</span> <span class='ocrx_word' id='word_1_33' title='bbox 477 445 655 497; x_wconf 81' lang='lat' dir='ltr'>scriptam</span> <span class='ocrx_word' id='word_1_34' title='bbox 672 478 682 495; x_wconf 83' lang='grc'><em>,</em></span> <span class='ocrx_word' id='word_1_35' title='bbox 703 461 817 498; x_wconf 82' lang='lat' dir='ltr'>quam</span> <span class='ocrx_word' id='word_1_36' title='bbox 848 448 983 499; x_wconf 85' lang='lat' dir='ltr'>pariter</span> <span class='ocrx_word' id='word_1_37' title='bbox 1009 450 1122 503; x_wconf 10' lang='lat' dir='ltr'>Livio?</span> <span class='ocrx_word' id='word_1_38' title='bbox 1133 449 1199 489; x_wconf 89' lang='lat' dir='ltr'>suo</span> <span class='ocrx_word' id='word_1_39' title='bbox 1222 450 1396 491; x_wconf 82' lang='lat' dir='ltr'>Draken-</span> 
     </span>
     <span class='ocr_line' id='line_1_6' title="bbox 106 507 1397 558; baseline 0.003 -11"><span class='ocrx_word' id='word_1_40' title='bbox 106 507 289 548; x_wconf 87' lang='lat' dir='ltr'>borchius</span> <span class='ocrx_word' id='word_1_41' title='bbox 313 508 619 558; x_wconf 75' lang='lat' dir='ltr'>subjungendam</span> <span class='ocrx_word' id='word_1_42' title='bbox 639 511 762 550; x_wconf 73' lang='lat' dir='ltr'>duxit.</span> <span class='ocrx_word' id='word_1_43' title='bbox 789 510 832 549; x_wconf 87' lang='lat' dir='ltr'>In</span> <span class='ocrx_word' id='word_1_44' title='bbox 850 510 981 549; x_wconf 85' lang='lat' dir='ltr'><strong>Indice</strong></span> <span class='ocrx_word' id='word_1_45' title='bbox 998 512 1213 552; x_wconf 81' lang='lat' dir='ltr'>editionum</span> <span class='ocrx_word' id='word_1_46' title='bbox 1229 512 1290 553; x_wconf 85' lang='lat' dir='ltr'>vel</span> <span class='ocrx_word' id='word_1_47' title='bbox 1305 525 1397 552; x_wconf 85' lang='lat' dir='ltr'>auc-</span> 
     </span>
     <span class='ocr_line' id='line_1_7' title="bbox 105 570 1395 624; baseline 0.004 -16"><span class='ocrx_word' id='word_1_48' title='bbox 105 572 209 617; x_wconf 82' lang='lat' dir='ltr'>tius,</span> <span class='ocrx_word' id='word_1_49' title='bbox 226 570 286 609; x_wconf 86' lang='lat' dir='ltr'>vel</span> <span class='ocrx_word' id='word_1_50' title='bbox 314 570 526 611; x_wconf 71' lang='lat' dir='ltr'>accuratius</span> <span class='ocrx_word' id='word_1_51' title='bbox 542 572 714 619; x_wconf 74' lang='lat' dir='ltr'>edendo,</span> <span class='ocrx_word' id='word_1_52' title='bbox 736 572 826 622; x_wconf 91' lang='lat' dir='ltr'>quid</span> <span class='ocrx_word' id='word_1_53' title='bbox 843 572 1049 623; x_wconf 58' lang='lat' dir='ltr'>praestitum</span> <span class='ocrx_word' id='word_1_54' title='bbox 1072 574 1133 623; x_wconf 77' lang='lat' dir='ltr'>sit,</span> <span class='ocrx_word' id='word_1_55' title='bbox 1149 575 1395 624; x_wconf 85' lang='lat' dir='ltr'>judicabunt,</span> 
     </span>
     <span class='ocr_line' id='line_1_8' title="bbox 108 633 1397 686; baseline 0.002 -13"><span class='ocrx_word' id='word_1_56' title='bbox 108 633 174 684; x_wconf 88' lang='lat' dir='ltr'>qui</span> <span class='ocrx_word' id='word_1_57' title='bbox 190 633 356 673; x_wconf 89' lang='lat' dir='ltr'>nostram</span> <span class='ocrx_word' id='word_1_58' title='bbox 378 647 534 685; x_wconf 82' lang='lat' dir='ltr'>operam</span> <span class='ocrx_word' id='word_1_59' title='bbox 562 647 649 673; x_wconf 86' lang='lat' dir='ltr'>cum</span> <span class='ocrx_word' id='word_1_60' title='bbox 676 634 741 675; x_wconf 86' lang='lat' dir='ltr'>illa</span> <span class='ocrx_word' id='word_1_61' title='bbox 760 635 1088 686; x_wconf 82' lang='lat' dir='ltr'>Drakenborchii,</span> <span class='ocrx_word' id='word_1_62' title='bbox 1102 638 1161 677; x_wconf 84' lang='lat' dir='ltr'>vel</span> <span class='ocrx_word' id='word_1_63' title='bbox 1184 638 1338 679; x_wconf 86' lang='lat' dir='ltr'>Ernestii</span> <span class='ocrx_word' id='word_1_64' title='bbox 1355 637 1397 675; x_wconf 88' lang='lat' dir='ltr'>in</span> 
     </span>
     <span class='ocr_line' id='line_1_9' title="bbox 107 695 1397 750; baseline 0.002 -15"><span class='ocrx_word' id='word_1_65' title='bbox 107 696 150 738; x_wconf 86' lang='lat' dir='ltr'>B.</span> <span class='ocrx_word' id='word_1_66' title='bbox 176 695 216 736; x_wconf 89' lang='lat' dir='ltr'>L.</span> <span class='ocrx_word' id='word_1_67' title='bbox 242 695 489 744; x_wconf 81' lang='lat' dir='ltr'>Fabriciana,</span> <span class='ocrx_word' id='word_1_68' title='bbox 505 695 565 735; x_wconf 83' lang='lat' dir='ltr'>vel</span> <span class='ocrx_word' id='word_1_69' title='bbox 594 696 751 737; x_wconf 76' lang='lat' dir='ltr'>Harlesii</span> <span class='ocrx_word' id='word_1_70' title='bbox 785 698 957 737; x_wconf 85' lang='lat' dir='ltr'>conferre</span> <span class='ocrx_word' id='word_1_71' title='bbox 984 699 1188 739; x_wconf 83' lang='lat' dir='ltr'>voluerint.</span> <span class='ocrx_word' id='word_1_72' title='bbox 1214 704 1218 706; x_wconf 84' lang='grc'><strong>’</strong></span> <span class='ocrx_word' id='word_1_73' title='bbox 1243 700 1289 739; x_wconf 88' lang='lat' dir='ltr'>In</span> <span class='ocrx_word' id='word_1_74' title='bbox 1318 712 1397 750; x_wconf 91' lang='lat' dir='ltr'>quo</span> 
     </span>
     <span class='ocr_line' id='line_1_10' title="bbox 111 758 1399 812; baseline 0.002 -15"><span class='ocrx_word' id='word_1_75' title='bbox 111 759 269 809; x_wconf 81' lang='lat' dir='ltr'>quidem</span> <span class='ocrx_word' id='word_1_76' title='bbox 294 758 424 798; x_wconf 86' lang='lat' dir='ltr'>labore</span> <span class='ocrx_word' id='word_1_77' title='bbox 450 759 707 810; x_wconf 78' lang='lat' dir='ltr'>pulcherrime</span> <span class='ocrx_word' id='word_1_78' title='bbox 730 760 843 799; x_wconf 84' lang='lat' dir='ltr'>nobis</span> <span class='ocrx_word' id='word_1_79' title='bbox 867 759 1043 800; x_wconf 83' lang='lat' dir='ltr'>subvenit</span> <span class='ocrx_word' id='word_1_80' title='bbox 1064 761 1211 800; x_wconf 86' lang='lat' dir='ltr'>summa</span> <span class='ocrx_word' id='word_1_81' title='bbox 1225 763 1296 800; x_wconf 83' lang='lat' dir='ltr'>viri</span> <span class='ocrx_word' id='word_1_82' title='bbox 1312 775 1399 812; x_wconf 90' lang='lat' dir='ltr'>per-</span> 
     </span>
     <span class='ocr_line' id='line_1_11' title="bbox 109 819 1401 874; baseline 0.002 -15"><span class='ocrx_word' id='word_1_83' title='bbox 109 819 285 869; x_wconf 75' lang='lat' dir='ltr'>illustris,</span> <span class='ocrx_word' id='word_1_84' title='bbox 314 822 431 862; x_wconf 89' lang='lat' dir='ltr'>Henr.</span> <span class='ocrx_word' id='word_1_85' title='bbox 459 822 570 860; x_wconf 87' lang='lat' dir='ltr'>Conr.</span> <span class='ocrx_word' id='word_1_86' title='bbox 605 822 995 872; x_wconf 64' lang='lat' dir='ltr'>HleEGGmw,</span> <span class='ocrx_word' id='word_1_87' title='bbox 1011 822 1174 863; x_wconf 86' lang='lat' dir='ltr'>Tribuni</span> <span class='ocrx_word' id='word_1_88' title='bbox 1199 824 1401 874; x_wconf 55' lang='lat' dir='ltr'>Tigurini}</span> 
     </span>
     <span class='ocr_line' id='line_1_12' title="bbox 66 881 1401 937; baseline 0.002 -16"><span class='ocrx_word' id='word_1_89' title='bbox 66 907 68 912; x_wconf 83' lang='lat'><em>·</em></span> <span class='ocrx_word' id='word_1_90' title='bbox 109 881 340 922; x_wconf 84' lang='lat' dir='ltr'>humanitas.</span> <span class='ocrx_word' id='word_1_91' title='bbox 366 883 401 923; x_wconf 88' lang='lat' dir='ltr'>Is</span> <span class='ocrx_word' id='word_1_92' title='bbox 426 883 546 931; x_wconf 83' lang='lat' dir='ltr'>enim,</span> <span class='ocrx_word' id='word_1_93' title='bbox 577 884 747 933; x_wconf 81' lang='lat' dir='ltr'>quamvis</span> <span class='ocrx_word' id='word_1_94' title='bbox 785 884 1020 934; x_wconf 78' lang='lat' dir='ltr'>gravioribus</span> <span class='ocrx_word' id='word_1_95' title='bbox 1036 887 1202 937; x_wconf 83' lang='lat' dir='ltr'>negotiis</span> <span class='ocrx_word' id='word_1_96' title='bbox 1227 885 1401 936; x_wconf 84' lang='lat' dir='ltr'>curisque</span> 
     </span>
     <span class='ocr_line' id='line_1_13' title="bbox 109 938 1401 996; baseline 0.003 -13"><span class='ocrx_word' id='word_1_97' title='bbox 109 938 333 996; x_wconf 72' lang='lat' dir='ltr'>reipublicae</span> <span class='ocrx_word' id='word_1_98' title='bbox 354 945 575 984; x_wconf 83' lang='lat' dir='ltr'>melioribus</span> <span class='ocrx_word' id='word_1_99' title='bbox 592 945 763 995; x_wconf 88' lang='lat' dir='ltr'>quotidie</span> <span class='ocrx_word' id='word_1_100' title='bbox 782 947 965 995; x_wconf 80' lang='lat' dir='ltr'>intentus,</span> <span class='ocrx_word' id='word_1_101' title='bbox 983 948 1021 987; x_wconf 88' lang='lat' dir='ltr'>id</span> <span class='ocrx_word' id='word_1_102' title='bbox 1038 956 1171 987; x_wconf 85' lang='lat' dir='ltr'>tamen</span> <span class='ocrx_word' id='word_1_103' title='bbox 1184 949 1313 988; x_wconf 84' lang='lat' dir='ltr'>studiis</span> <span class='ocrx_word' id='word_1_104' title='bbox 1333 962 1401 987; x_wconf 82' lang='lat' dir='ltr'>no-</span> 
     </span>
     <span class='ocr_line' id='line_1_14' title="bbox 109 1006 1400 1060; baseline 0.002 -12"><span class='ocrx_word' id='word_1_105' title='bbox 109 1007 189 1048; x_wconf 77' lang='lat' dir='ltr'>stris</span> <span class='ocrx_word' id='word_1_106' title='bbox 207 1039 217 1055; x_wconf 91' lang='lat'>,</span> <span class='ocrx_word' id='word_1_107' title='bbox 233 1006 257 1046; x_wconf 86' lang='lat' dir='ltr'>s.</span> <span class='ocrx_word' id='word_1_108' title='bbox 279 1007 377 1049; x_wconf 74' lang='lat' dir='ltr'>Livii</span> <span class='ocrx_word' id='word_1_109' title='bbox 398 1007 511 1047; x_wconf 90' lang='lat' dir='ltr'>nostri</span> <span class='ocrx_word' id='word_1_110' title='bbox 538 1008 694 1056; x_wconf 76' lang='lat' dir='ltr'>amicis,</span> <span class='ocrx_word' id='word_1_111' title='bbox 720 1008 849 1057; x_wconf 82' lang='lat' dir='ltr'>dedit,</span> <span class='ocrx_word' id='word_1_112' title='bbox 876 1017 916 1047; x_wconf 88' lang='lat' dir='ltr'>ut</span> <span class='ocrx_word' id='word_1_113' title='bbox 936 1022 1008 1060; x_wconf 84' lang='lat' dir='ltr'>qua</span> <span class='ocrx_word' id='word_1_114' title='bbox 1030 1008 1166 1050; x_wconf 80' lang='lat' dir='ltr'>laetiori</span> <span class='ocrx_word' id='word_1_115' title='bbox 1183 1011 1400 1051; x_wconf 85' lang='lat' dir='ltr'>editionum</span> 
     </span>
     <span class='ocr_line' id='line_1_15' title="bbox 110 1069 1402 1122; baseline 0.004 -14"><span class='ocrx_word' id='word_1_116' title='bbox 110 1078 282 1109; x_wconf 84' lang='lat' dir='ltr'>veterum</span> <span class='ocrx_word' id='word_1_117' title='bbox 322 1072 356 1109; x_wconf 65' lang='lat' dir='ltr'>&lt;Sc</span> <span class='ocrx_word' id='word_1_118' title='bbox 389 1069 658 1110; x_wconf 82' lang='lat' dir='ltr'>rarissimarum</span> <span class='ocrx_word' id='word_1_119' title='bbox 694 1072 807 1121; x_wconf 83' lang='lat' dir='ltr'>copia</span> <span class='ocrx_word' id='word_1_120' title='bbox 847 1072 994 1121; x_wconf 76' lang='lat' dir='ltr'>praestat</span> <span class='ocrx_word' id='word_1_121' title='bbox 1020 1072 1131 1122; x_wconf 81' lang='lat' dir='ltr'>ipsius</span> <span class='ocrx_word' id='word_1_122' title='bbox 1159 1073 1402 1113; x_wconf 83' lang='lat' dir='ltr'>Bibliotheca</span> 
     </span>
     <span class='ocr_line' id='line_1_16' title="bbox 110 1131 1402 1184; baseline 0.002 -14"><span class='ocrx_word' id='word_1_123' title='bbox 110 1131 364 1181; x_wconf 71' lang='lat' dir='ltr'>anip&#39;lissima,</span> <span class='ocrx_word' id='word_1_124' title='bbox 390 1144 435 1170; x_wconf 81' lang='lat' dir='ltr'>ex</span> <span class='ocrx_word' id='word_1_125' title='bbox 464 1144 507 1170; x_wconf 82' lang='lat' dir='ltr'>ea</span> <span class='ocrx_word' id='word_1_126' title='bbox 539 1140 726 1182; x_wconf 83' lang='lat' dir='ltr'>repeteret</span> <span class='ocrx_word' id='word_1_127' title='bbox 758 1134 1011 1174; x_wconf 81' lang='lat' dir='ltr'>accuratiores</span> <span class='ocrx_word' id='word_1_128' title='bbox 1043 1134 1316 1184; x_wconf 83' lang='lat' dir='ltr'>descriptiones</span> <span class='ocrx_word' id='word_1_129' title='bbox 1341 1147 1402 1173; x_wconf 86' lang='lat' dir='ltr'>ea-</span> 
     </span>
     <span class='ocr_line' id='line_1_17' title="bbox 112 1191 1403 1243; baseline 0.002 -14"><span class='ocrx_word' id='word_1_130' title='bbox 112 1204 219 1238; x_wconf 76' lang='lat' dir='ltr'>rum,</span> <span class='ocrx_word' id='word_1_131' title='bbox 242 1204 335 1241; x_wconf 83' lang='lat' dir='ltr'>quas</span> <span class='ocrx_word' id='word_1_132' title='bbox 362 1191 606 1241; x_wconf 81' lang='lat' dir='ltr'>paucioribus</span> <span class='ocrx_word' id='word_1_133' title='bbox 627 1192 758 1231; x_wconf 86' lang='lat' dir='ltr'>videre</span> <span class='ocrx_word' id='word_1_134' title='bbox 785 1192 959 1243; x_wconf 80' lang='lat' dir='ltr'>contigit.</span> <span class='ocrx_word' id='word_1_135' title='bbox 991 1192 1083 1232; x_wconf 89' lang='lat' dir='ltr'>hinc</span> <span class='ocrx_word' id='word_1_136' title='bbox 1116 1194 1293 1232; x_wconf 80' lang='lat' dir='ltr'>notitiam</span> <span class='ocrx_word' id='word_1_137' title='bbox 1310 1194 1403 1234; x_wconf 77' lang='lat' dir='ltr'>Tar-</span> 
     </span>
    </p>
   </div>
   <div class='ocr_carea' id='block_1_3' title="bbox 109 1253 1406 1682">
    <p class='ocr_par' dir='ltr' id='par_1_3' title="bbox 109 1253 1406 1682">
     <span class='ocr_line' id='line_1_18' title="bbox 109 1253 1397 1310; baseline 0.002 -20"><span class='ocrx_word' id='word_1_138' title='bbox 109 1253 234 1292; x_wconf 71' lang='lat' dir='ltr'>visinae</span> <span class='ocrx_word' id='word_1_139' title='bbox 259 1253 310 1293; x_wconf 82' lang='lat' dir='ltr'>IV</span> <span class='ocrx_word' id='word_1_140' title='bbox 341 1266 400 1292; x_wconf 83' lang='lat' dir='ltr'>an.</span> <span class='ocrx_word' id='word_1_141' title='bbox 437 1253 558 1306; x_wconf 75' lang='lat'>1485,</span> <span class='ocrx_word' id='word_1_142' title='bbox 583 1254 737 1293; x_wconf 84' lang='lat' dir='ltr'>Venetae</span> <span class='ocrx_word' id='word_1_143' title='bbox 767 1255 818 1293; x_wconf 87' lang='lat' dir='ltr'>IV</span> <span class='ocrx_word' id='word_1_144' title='bbox 841 1267 901 1294; x_wconf 83' lang='lat' dir='ltr'>an.</span> <span class='ocrx_word' id='word_1_145' title='bbox 933 1269 1053 1310; x_wconf 85' lang='lat'>1495,</span> <span class='ocrx_word' id='word_1_146' title='bbox 1070 1256 1311 1307; x_wconf 78' lang='lat' dir='ltr'>Moguntinae</span> <span class='ocrx_word' id='word_1_147' title='bbox 1328 1286 1341 1302; x_wconf 83' lang='lat'><em>‚</em></span> <span class='ocrx_word' id='word_1_148' title='bbox 1360 1258 1397 1294; x_wconf 75' lang='lat'>3:</span> 
     </span>
     <span class='ocr_line' id='line_1_19' title="bbox 114 1316 1404 1373; baseline 0.002 -17"><span class='ocrx_word' id='word_1_149' title='bbox 114 1316 298 1357; x_wconf 67' lang='lat' dir='ltr'>AldinzeI</span> <span class='ocrx_word' id='word_1_150' title='bbox 327 1330 386 1356; x_wconf 84' lang='lat' dir='ltr'>an.</span> <span class='ocrx_word' id='word_1_151' title='bbox 415 1316 513 1371; x_wconf 81' lang='lat'>1518</span> <span class='ocrx_word' id='word_1_152' title='bbox 540 1316 616 1368; x_wconf 90' lang='lat' dir='ltr'>sqq.</span> <span class='ocrx_word' id='word_1_153' title='bbox 638 1317 843 1358; x_wconf 79' lang='lat' dir='ltr'>Basilienfis</span> <span class='ocrx_word' id='word_1_154' title='bbox 869 1318 888 1359; x_wconf 91' lang='lat' dir='ltr'>I</span> <span class='ocrx_word' id='word_1_155' title='bbox 914 1332 973 1358; x_wconf 87' lang='lat' dir='ltr'>an.</span> <span class='ocrx_word' id='word_1_156' title='bbox 1001 1333 1095 1373; x_wconf 80' lang='lat'>1531</span> <span class='ocrx_word' id='word_1_157' title='bbox 1114 1350 1124 1368; x_wconf 79' lang='lat'>‚</span> <span class='ocrx_word' id='word_1_158' title='bbox 1144 1320 1404 1370; x_wconf 78' lang='lat' dir='ltr'>Lugdunensis</span> 
     </span>
     <span class='ocr_line' id='line_1_20' title="bbox 113 1379 1405 1434; baseline 0.003 -17"><span class='ocrx_word' id='word_1_159' title='bbox 113 1393 174 1420; x_wconf 82' lang='lat' dir='ltr'>an.</span> <span class='ocrx_word' id='word_1_160' title='bbox 192 1393 304 1432; x_wconf 76' lang='lat'>1537,</span> <span class='ocrx_word' id='word_1_161' title='bbox 318 1379 486 1420; x_wconf 80' lang='lat' dir='ltr'>Parifinae</span> <span class='ocrx_word' id='word_1_162' title='bbox 504 1394 564 1420; x_wconf 90' lang='lat' dir='ltr'>an.</span> <span class='ocrx_word' id='word_1_163' title='bbox 586 1394 682 1434; x_wconf 83' lang='lat'>1573</span> <span class='ocrx_word' id='word_1_164' title='bbox 699 1412 710 1430; x_wconf 78' lang='grc'><em>,</em></span> <span class='ocrx_word' id='word_1_165' title='bbox 725 1381 804 1420; x_wconf 91' lang='lat' dir='ltr'>Viri</span> <span class='ocrx_word' id='word_1_166' title='bbox 824 1380 963 1421; x_wconf 87' lang='lat' dir='ltr'>summi</span> <span class='ocrx_word' id='word_1_167' title='bbox 975 1381 1105 1421; x_wconf 87' lang='lat' dir='ltr'>studiis</span> <span class='ocrx_word' id='word_1_168' title='bbox 1120 1381 1322 1421; x_wconf 85' lang='lat' dir='ltr'>nobiscum</span> <span class='ocrx_word' id='word_1_169' title='bbox 1340 1382 1405 1420; x_wconf 85' lang='lat' dir='ltr'>de·-</span> 
     </span>
     <span class='ocr_line' id='line_1_21' title="bbox 113 1442 1404 1495; baseline 0.001 -13"><span class='ocrx_word' id='word_1_170' title='bbox 113 1442 206 1482; x_wconf 86' lang='lat' dir='ltr'>bent</span> <span class='ocrx_word' id='word_1_171' title='bbox 221 1442 394 1483; x_wconf 63' lang='lat' dir='ltr'>lectores.</span> <span class='ocrx_word' id='word_1_172' title='bbox 430 1443 605 1483; x_wconf 83' lang='lat' dir='ltr'>Tandem</span> <span class='ocrx_word' id='word_1_173' title='bbox 634 1444 930 1491; x_wconf 79' lang='lat' dir='ltr'>confirmamus,</span> <span class='ocrx_word' id='word_1_174' title='bbox 953 1458 1026 1483; x_wconf 87' lang='lat' dir='ltr'>nos</span> <span class='ocrx_word' id='word_1_175' title='bbox 1040 1476 1052 1493; x_wconf 84' lang='lat'>.,</span> <span class='ocrx_word' id='word_1_176' title='bbox 1070 1454 1203 1495; x_wconf 85' lang='lat' dir='ltr'>praeter</span> <span class='ocrx_word' id='word_1_177' title='bbox 1225 1443 1404 1485; x_wconf 77' lang='lat' dir='ltr'>Iudicem</span> 
     </span>
     <span class='ocr_line' id='line_1_22' title="bbox 115 1506 1404 1561; baseline 0.001 -17"><span class='ocrx_word' id='word_1_178' title='bbox 115 1507 155 1545; x_wconf 90' lang='lat' dir='ltr'>in</span> <span class='ocrx_word' id='word_1_179' title='bbox 179 1507 308 1545; x_wconf 87' lang='lat' dir='ltr'>fronte</span> <span class='ocrx_word' id='word_1_180' title='bbox 325 1506 549 1556; x_wconf 71' lang='lat' dir='ltr'>promiss&#39;um</span> <span class='ocrx_word' id='word_1_181' title='bbox 565 1538 575 1554; x_wconf 83' lang='lat'>,</span> <span class='ocrx_word' id='word_1_182' title='bbox 593 1509 713 1560; x_wconf 85' lang='lat' dir='ltr'>Faflos</span> <span class='ocrx_word' id='word_1_183' title='bbox 737 1507 946 1561; x_wconf 80' lang='lat' dir='ltr'>Consulares</span> <span class='ocrx_word' id='word_1_184' title='bbox 964 1507 1099 1547; x_wconf 84' lang='lat' dir='ltr'>ultimo</span> <span class='ocrx_word' id='word_1_185' title='bbox 1124 1507 1312 1547; x_wconf 82' lang='lat' dir='ltr'>volumini</span> <span class='ocrx_word' id='word_1_186' title='bbox 1337 1507 1404 1546; x_wconf 84' lang='lat' dir='ltr'>ad-</span> 
     </span>
     <span class='ocr_line' id='line_1_23' title="bbox 116 1566 1406 1622; baseline 0.004 -17"><span class='ocrx_word' id='word_1_187' title='bbox 116 1566 265 1605; x_wconf 86' lang='lat' dir='ltr'>dituros</span> <span class='ocrx_word' id='word_1_188' title='bbox 288 1567 385 1615; x_wconf 62' lang='lat' dir='ltr'>este,</span> <span class='ocrx_word' id='word_1_189' title='bbox 404 1580 452 1606; x_wconf 89' lang='lat' dir='ltr'>ne</span> <span class='ocrx_word' id='word_1_190' title='bbox 476 1567 567 1618; x_wconf 90' lang='lat' dir='ltr'>quid</span> <span class='ocrx_word' id='word_1_191' title='bbox 593 1568 851 1614; x_wconf 76' lang='lat' dir='ltr'>defideretur,</span> <span class='ocrx_word' id='word_1_192' title='bbox 876 1569 979 1618; x_wconf 89' lang='lat' dir='ltr'>quod</span> <span class='ocrx_word' id='word_1_193' title='bbox 997 1570 1043 1609; x_wconf 86' lang='lat' dir='ltr'>ad</span> <span class='ocrx_word' id='word_1_194' title='bbox 1063 1570 1235 1611; x_wconf 64' lang='lat' dir='ltr'>distinete</span> <span class='ocrx_word' id='word_1_195' title='bbox 1261 1581 1406 1622; x_wconf 82' lang='lat' dir='ltr'>cogno-</span> 
     </span>
     <span class='ocr_line' id='line_1_24' title="bbox 112 1627 981 1682; baseline 0.003 -15"><span class='ocrx_word' id='word_1_196' title='bbox 112 1627 296 1670; x_wconf 81' lang='lat' dir='ltr'>scendam</span> <span class='ocrx_word' id='word_1_197' title='bbox 324 1642 450 1670; x_wconf 83' lang='lat' dir='ltr'>rerum</span> <span class='ocrx_word' id='word_1_198' title='bbox 479 1629 668 1682; x_wconf 82' lang='lat' dir='ltr'>gestarum</span> <span class='ocrx_word' id='word_1_199' title='bbox 695 1631 830 1670; x_wconf 89' lang='lat' dir='ltr'>seriem</span> <span class='ocrx_word' id='word_1_200' title='bbox 852 1630 981 1670; x_wconf 82' lang='lat' dir='ltr'>faciat.</span> 
     </span>
    </p>
   </div>
  </div>
 </body>
</html>
