1582 2793
269 189 865 241 HISTORIARUM
914 193 1048 240 LIB.
1093 192 1156 239 11.
1261 204 1344 253 113

64 317 169 350 men
191 302 393 349 auctores
414 316 507 346 non
529 297 778 359 adjiciunt)
802 299 927 362 gravi
949 301 1137 347 vulnere
1158 317 1213 346 ex
1231 316 1352 364 equo

68 376 313 438 dejectum,
344 391 486 438 prope
514 372 850 423 interfecerunt.
882 374 1074 420 Romam
1111 376 1240 433 inde,
1261 393 1353 421 ma-

69 443 111 494 le
136 447 251 511 gesta
277 463 324 493 re
343 480 357 504 ‚
386 446 597 492 reditum.
630 444 746 491 inter
784 445 952 491 multos
986 444 1160 492 saucios
1194 445 1353 493 consul

71 520 147 583 spe
183 520 354 566 incerta
391 521 496 566 vitae
528 519 722 565 relictus.
766 517 1004 579 Interje&o
1039 519 1200 564 deinde
1237 518 1356 564 haud

71 611 239 658 magno
270 594 411 657 spatio
432 628 446 650 ‚
477 594 603 657 quod
626 594 894 640 vulneribus
924 593 1129 639 curandis
1151 592 1359 655 supplen-

73 668 226 731 doque
260 668 478 715 exercitui
515 665 613 713 satis
645 667 780 724 effer,
806 679 902 712 tum
929 666 992 712 ira
1021 665 1193 726 majore
1220 667 1360 723 belli,

74 751 172 788 tum
200 740 372 787 viribus
399 740 532 786 etiam
553 740 716 797 auctis,
751 738 968 785 Pometiae
994 755 1114 785 arma
1140 739 1276 786 illata.
1309 741 1361 786 &

76 830 180 861 cum
199 847 212 871 ‚
234 812 380 860 vineis
410 812 582 858 refectis
603 812 778 874 aliaque
800 811 921 857 mole
942 811 1046 857 belli
1065 847 1078 868 ‚
1110 810 1201 874 jam
1231 813 1276 859 in
1305 830 1364 859 eo

74 885 182 932 efl'ct
197 920 210 943 ‚
234 897 286 931 ut
313 885 360 930 in
381 901 534 930 muros
553 885 764 931 evaderet
783 883 938 942 miles,
961 884 1132 931 deditio
1154 885 1214 932 est
1237 885 1365 933 facta.

78 971 275 1006 ceterum
306 957 452 1003 nihilo
487 957 634 1002 minus
667 956 820 1015 foede,
865 957 1012 1004 dedita
1047 959 1189 1019 urbe,
1226 978 1366 1024 quam

78 1031 112 1078 fi
132 1043 260 1094 capta
279 1030 425 1088 foret,
450 1030 656 1077 Aurunci
675 1030 827 1093 paffim
854 1031 1080 1094 principes
1104 1032 1246 1080 securi
1268 1051 1368 1096 pera

81 1105 214 1162 cuffi,
240 1103 317 1149 sub
344 1119 519 1150 corona
546 1103 789 1150 venierunt
821 1103 979 1150 coloni
1010 1103 1112 1161 alii3
1144 1107 1368 1168 oppidum

81 1174 278 1221 dirutum
295 1209 308 1233 ‚
333 1191 436 1238 ager
459 1175 619 1222 veniin
655 1173 902 1232 Consules,
922 1176 1062 1239 magis
1081 1177 1142 1222 ob
1165 1178 1251 1223 iras
1274 1195 1371 1240 gra*

83 1247 202 1295 viter
226 1247 367 1306 ultas,
397 1263 532 1310 quam
557 1247 619 1294 ob
643 1247 998 1312 magnitudinem
1019 1247 1203 1312 perfecti
1229 1250 1373 1308 belli,

82 1316 426 1379 triumpharunt.

162 1389 329 1434 XVIII.
366 1385 606 1451 Insequens
634 1403 776 1433 annus
808 1385 1071 1436 Postumum
1106 1389 1376 1440 Cominium

87 1460 139 1509 δέ
166 1463 222 1509 Τ.
248 1459 450 1507 Lartium
479 1459 685 1507 consules
714 1460 883 1508 habuit.
928 1464 997 1508 Eo
1030 1479 1153 1510 anno
1181 1465 1377 1524 Romae,

89 1551 194 1581 cum
229 1550 310 1597 per
327 1532 461 1580 ludos
494 1533 549 1580 ab
571 1533 837 1580 Sabinorum
866 1533 1109 1595 juventute·
1143 1554 1223 1599 per
1252 1537 1379 1585 lasci-

91 1608 214 1656 viam
232 1606 376 1653 scorta
401 1620 689 1669 raperentur,
715 1606 936 1654 concursu
956 1607 1196 1655 hominum
1216 1610 1311 1657 rixa
1327 1626 1381 1659 ac

92 1695 237 1744 prope
267 1678 480 1741 proelium
513 1677 891 1743 fuit3'parvaque
920 1696 977 1725 ex
1006 1697 1054 1726 re
1081 1682 1137 1727 ad
1162 1682 1382 1729 rebellio-

93 1772 198 1802 nem
226 1753 417 1817 spectare
444 1770 514 1800 res
535 1754 785 1803 videbatur.
817 1756 956 1818 Supra
984 1756 1090 1803 belli
1117 1759 1265 1806 Latini
1290 1776 1385 1805 me-

95 1840 192 1875 tum
220 1828 267 1874 id
292 1844 476 1892 quoque
504 1828 769 1887 accesserat,
799 1828 924 1892 quod
952 1829 1134 1892 triginta
1160 1830 1250 1890 jam
1273 1847 1385 1878 con-⁴

96 1901 254 1966 juraffe
281 1903 481 1965 populos
496 1936 510 1960 ‚
545 1901 804 1950 concitante
824 1903 1022 1949 Octavio
1054 1905 1261 1951 Mamilio
1278 1940 1291 1963 ,
1317 1904 1387 1951 saa

97 1976 155 2023 tis
175 1975 423 2041 coust-abar,¹
454 1977 504 2022 In
534 1975 615 2022 hac
639 1986 865 2022 tantarum
889 1974 1219 2039 exspectatione
1238 1993 1391 2024 rerum

99 2048 293 2096 sollicita
322 2049 505 2096 civitate
524 2085 539 2108 ‚
566 2048 796 2096 dictatoris
830 2048 1024 2112 primum
1054 2051 1232 2098 creandi
1260 2067 1392 2097 men-

100 2124 169 2172 tio
206 2136 322 2171 orta.
368 2122 441 2170 sed
469 2138 552 2170 nec
578 2136 671 2186 quo
701 2138 853 2179 amm,
891 2137 974 2168 nec
1003 2122 1164 2185 quibus
1193 2123 1394 2170 consuli-—

103 2197 188 2245 bus
203 2234 218 2256 ,
242 2197 348 2261 quia
368 2214 423 2243 ex
445 2195 640 2243 factione
659 2194 908 2258 Tarquinia
925 2194 1087 2254 effent,
1109 2193 1187 2259 (id
1208 2213 1397 2260 quoque

105 2271 227 2318 enim
253 2268 477 2333 traditur)
512 2282 667 2332 parum
700 2268 919 2316 creditum
948 2268 1029 2326 fit5
1061 2286 1145 2317 nec
1173 2264 1273 2334 quis
1301 2272 1399 2333 pri-

105 2360 230 2408 mum
257 2342 449 2388 dictator
480 2355 654 2389 creatus
686 2341 766 2398 fit43
804 2340 904 2387 satis
936 2340 1126 2388 constat.
1173 2345 1292 2405 apud
1316 2359 1401 2390 vea-

106 2414 319 2462 terrimos
340 2426 488 2460 tamen
508 2414 710 2460 auctores
732 2413 786 2459 T.
808 2412 1007 2458 Lartium
1026 2413 1289 2460 dictatorem
1310 2417 1402 2477 pri—

107 2505 264 2548 mum,
308 2489 383 2551 Sp,
422 2486 620 2534 Caffium
653 2484 916 2551 magistrum
952 2487 1188 2549 equitum,
1227 2503 1406 2536 creatos

172 2565 225 2609 T.
246 2565 346 2610 Liv.
379 2566 476 2610 Vol.
497 2565 536 2612 Ι.
1081 2555 1126 2604 H
