1582 2793
310 175 1110 253 His'ToR1ARUML1ss.
1148 207 1179 251 Ι.
1348 221 1404 270 73

113 327 176 357 no
209 327 365 359 necem
393 311 707 367 machinatum
735 322 786 357 ut
812 312 1004 358 eundem
1031 324 1284 372 terrorem,
1312 330 1412 378 quo

112 384 287 431 civium
305 384 482 431 animos
503 383 631 430 domi
661 383 966 446 oppresserat,
992 386 1161 432 Latinis
1188 386 1410 450 injiceret.

111 459 163 503 &
193 457 298 521 quia
318 474 403 521 pro
431 457 626 520 imperio
659 457 806 520 palam
838 457 1035 506 interfici
1069 475 1164 505 non
1196 473 1378 523 poterat
1396 497 1412 520 ‚

113 531 273 578 oblato
294 531 407 579 falso
431 532 624 579 crimine
644 531 870 579 insontem
892 533 1118 597 oppreffit.
1148 535 1231 580 Per
1250 535 1412 582 adver-

114 603 169 649 sae
200 604 407 653 faffionis
437 606 656 669 quosdam
677 607 892 656 Aricinos
921 606 1105 655 servum
1126 608 1276 654 Turni
1299 624 1414 654 auro

112 679 323 741 corrupit
339 715 352 736 ‚
377 696 426 726 ut
447 680 494 726 in
516 679 831 727 deversorium
859 679 955 743 ejus
973 679 1071 728 vim
1091 696 1299 744 magnam
1322 680 1412 743 gla-

115 749 298 797 diorum
321 751 478 797 inferri
502 751 618 798 clam
638 751 813 799 sineret.
842 769 894 798 ea
913 769 1017 800 cum
1041 771 1132 800 una
1160 753 1293 800 no&e
1314 769 1413 815 per-

115 821 228 870 fec‘ki
256 824 423 882 essent,
454 824 760 889 Tarquinius,
791 826 929 889 paulo
954 838 1058 875 ante
1078 827 1229 875 lucem
1260 825 1416 873 accitis

115 897 173 945 ad
202 897 243 944 se
276 897 557 961 principibus
586 899 886 959 Latinorum,
920 901 1044 965 quafi
1076 919 1125 949 re
1155 918 1279 950 nova
1312 917 1417 964 per·

113 970 341 1030 turbatus,
371 972 680 1032 Moramsuarn
698 975 919 1041 hesternam
935 1011 951 1032 ,
970 979 1083 1022 velut
1097 979 1287 1023 Deorum
1306 994 1414 1038 qua-

115 1050 215 1094 dam
243 1050 516 1109 providentia
550 1050 750 1105 illatam,
785 1048 872 1107 ait,
894 1050 1034 1110 saluti
1049 1051 1141 1116 sthi
1169 1068 1287 1113 atque
1324 1053 1415 1096 illis

104 1118 248 1185 suff.
277 1124 332 1167 ab
353 1123 495 1167 Turno
515 1123 602 1166 dici
620 1121 712 1186 fibi
735 1118 1048 1183 &primoribus
1059 1129 1312 1186 populorum
1325 1142 1416 1185 pa-

114 1198 202 1242 rari
228 1214 363 1241 necem
377 1231 394 1253 ,
416 1213 466 1242 ut
479 1198 729 1242 Latinorum
747 1196 872 1256 sblus
902 1199 1118 1258 imperium
1137 1213 1285 1243 teneat.
1316 1201 1416 1258 Ag-

112 1267 333 1334 greſjicrum
351 1267 482 1335 fuiffi}
513 1271 691 1337 hesterno
717 1273 784 1316 die
818 1274 864 1317 in
891 1275 1084 1319 concilio.
1125 1275 1305 1318 dilatam
1333 1289 1415 1318 rem

118 1341 216 1408 ff,
244 1346 359 1406 quod
381 1341 524 1389 auffor
543 1345 714 1388 concilii
736 1342 916 1401 afuerit,
942 1361 1058 1404 quem
1089 1346 1276 1389 maxime
1297 1358 1415 1404 pete·-

116 1433 187 1463 νεῖ.
219 1419 324 1462 Inde
346 1418 467 1461 illam
485 1415 669 1475 abfifztis
688 1416 998 1476 infiffatiofzem
1018 1414 1090 1480 effi
1107 1433 1255 1462 natam
1272 1451 1287 1473 ,
1305 1416 1418 1477 quod

116 1494 323 1538 morando
337 1491 459 1551 spem
479 1489 711 1555 destituerit.
745 1493 848 1536 Non
874 1493 1062 1538 dubitare
1078 1528 1094 1549 ,
1110 1492 1162 1557 si
1184 1510 1279 1537 vera
1307 1489 1417 1548 defe-

113 1582 267 1619 ,rantur
276 1600 292 1622 ,
313 1568 415 1626 quin
426 1567 571 1626 prima
587 1569 674 1610 luce
690 1600 707 1622 ,
739 1567 812 1610 ubi
829 1582 995 1612 ventum
1013 1569 1061 1612 in
1080 1569 1306 1612 concilium
1319 1565 1386 1630 sit
1401 1599 1417 1622 ,

115 1641 336 1709 instruc-‘lus
357 1659 449 1686 cum
476 1639 787 1699 conjuratorum
819 1661 950 1687 manu
979 1642 1240 1703 armatussrue
1268 1656 1417 1687 ventu*

96 1733 185 1762 -rus
205 1715 285 1781 sit.
324 1716 469 1772 Dici,
496 1716 734 1777 gladiorum
765 1717 971 1777 ingentem
1004 1734 1218 1762 numerum
1254 1712 1325 1778 effe
1359 1714 1420 1759 ad

114 1807 205 1836 eum
243 1789 494 1836 convec‘lum.
543 1790 594 1834 id
616 1806 774 1834 vanum
806 1807 930 1835 necne
952 1790 1047 1855 stt,
1086 1792 1290 1850 extemplo
1310 1789 1419 1848 fiiri

108 1863 241 1929 poffl.
275 1867 443 1928 Rogare
472 1881 569 1920 eos,
601 1878 649 1909 ut
677 1866 774 1909 inde
782 1863 927 1925 secum
946 1866 1008 1909 ad
1025 1865 1212 1910 Turnum
1232 1865 1420 1909 veniant.

115 1937 373 2001 Susped‘fflm
394 1939 504 1986 fecit
532 1953 629 1983 rem
660 1937 711 1984 &
743 1936 974 2000 ingenium
996 1937 1145 1985 Turni
1170 1936 1304 1983 ferox
1320 1973 1334 1994 ,
1367 1937 1419 1985 &

112 2012 269 2059 oratio
289 2011 492 2060 hesterna
508 2048 522 2070 ‚
560 2011 610 2056 δέ
631 2026 761 2057 mora
779 2010 1045 2074 Tarquinii3
1079 2010 1208 2074 quod
1231 2008 1419 2057 videba-

115 2097 190 2132 tur
211 2086 273 2132 ob
299 2103 396 2133 eam
418 2084 590 2132 differri
622 2085 765 2132 caedes
791 2085 1001 2148 potuisse.
1035 2087 1159 2132 Eunt
1185 2083 1417 2133 inclinatis

114 2159 298 2223 quidem
330 2160 387 2206 ad
414 2157 692 2206 credendum
724 2157 916 2217 animis,
945 2171 1125 2217 tamen,
1147 2158 1230 2205 nifi
1260 2158 1419 2223 gladiis

115 2233 431 2296 deprehensis,
468 2245 617 2279 cetera
645 2248 765 2279 vana
799 2231 1110 2281 existimaturi.
1144 2231 1239 2280 Ubi
1266 2231 1328 2278 est
1360 2248 1417 2277 eo

117 2320 337 2367 ventum,
365 2310 577 2356 Turnum
607 2323 665 2353 ex
699 2305 863 2353 somno
900 2308 1147 2356 excitatum
1180 2305 1419 2355 circumfi-

117 2381 241 2429 stunt
273 2381 510 2429 custodes:
547 2380 971 2446 comprehensisque
998 2380 1166 2439 servis,
1195 2379 1276 2443 qui
1302 2379 1418 2427 cari-

119 2467 213 2502 tate
235 2455 413 2503 domini
434 2455 531 2501 vim
553 2455 790 2518 parabant,
808 2472 909 2502 cum
929 2455 1066 2519 gladii
1088 2454 1227 2501 abditi
1244 2469 1301 2500 ex
1321 2469 1420 2500 om-

118 2529 252 2577 nibus
279 2528 397 2576 locis
429 2528 700 2576 deverticuli
734 2529 1145 2593 protraherentur5
1175 2527 1419 2575 enimvero
