1582 2793
260 206 862 257 HISTORtARUM
912 207 1040 253 [ΑΒ.
1082 209 1142 254 11.
1251 224 1335 272 ¹57

47 316 197 364 mensa
222 316 378 363 omnia
397 313 694 362 volventium
728 313 907 368 anim03
938 315 1021 360 alia
1048 315 1226 377 publica
1246 315 1339 362 sol-

47 390 282 436 licitudine
311 389 504 434 excitata
523 426 536 446 ,
556 388 717 435 favore
738 390 787 436 &
809 388 1105 436 admiratione
1135 392 1309 454 stupens
1328 411 1341 438 :

48 467 112 510 Ire
129 465 289 523 forteS,
310 467 365 509 ire
380 462 528 521 felices
550 464 725 520 jubent,
742 466 914 524 inceptis
933 481 1097 509 eventus
1113 485 1236 525 pares
1254 470 1341 512 red·

49 541 137 582 dere
165 554 181 581 .·
218 539 461 594 consulatus
500 539 597 581 inde
630 554 679 581 ac
711 538 971 596 triumphos,
999 540 1142 581 omnia
1166 542 1343 597 praemia

49 609 196 670 abst:
224 625 363 654 omnes
393 610 565 653 honores
587 609 768 668 sperare.
804 607 1177 654 praetereuntibus
1208 610 1345 672 Capi·

50 683 214 728 tolium
244 697 485 742 arcemque
504 682 553 727 ὅ(
572 681 657 727 alia
678 681 842 744 templa
859 717 873 738 ‚
894 680 1110 744 quidquid
1135 683 1345 730 Deorum

51 755 200 803 oculis
215 791 230 813 ,
248 753 469 819 quidquid
494 754 647 802 animo
677 756 878 802 occurrit
894 791 908 813 ‚
927 769 1166 819 precantur
1180 792 1193 815 ‚
1219 769 1268 803 ut
1290 758 1349 803 il-

52 828 129 875 lud
167 844 329 891 agmen
368 825 560 874 faustum
597 839 731 890 atque
768 827 877 874 felix
910 829 1127 888 mittant,
1161 829 1346 893 sospites

52 901 184 947 brevi
215 900 262 946 in
300 900 486 963 patriam
524 900 580 946 ad
611 914 818 963 parentes
850 901 1096 948 restituant.
1130 903 1347 949 Incassum

52 975 188 1022 miffae
217 990 382 1036 preces.
424 973 598 1020 Infelici
627 973 704 1019 via
733 974 895 1020 dextro
924 974 1035 1021 Jano
1063 987 1208 1037 portae
1231 976 1347 1022 Car-

52 1046 260 1094 mentalis
280 1045 496 1109 profeEli,
514 1045 568 1093 ad
585 1045 844 1092 Cremeram
866 1044 1035 1092 flumen
1056 1049 1346 1109 perveniunt.

54 1122 90 1168 is
121 1108 409 1184 opportunus
436 1119 556 1169 visus
584 1119 713 1166 locus
739 1121 1096 1168 communiendo
1124 1123 1347 1184 praesidio.

54 1198 103 1243 L.
120 1196 326 1242 AEmilius
357 1195 461 1241 inde
483 1196 533 1242 &
563 1195 618 1240 C.
640 1194 855 1242 Servilius
883 1191 1087 1241 c0⁰nsules
1118 1194 1233 1242 fasti.
1272 1197 1350 1252 &‚

56 1270 206 1317 donec
227 1269 340 1316 nihil
361 1269 483 1317 aliud
505 1286 638 1332 quam
664 1269 709 1315 in
737 1269 1111 1332 populationibus
1137 1287 1204 1316 res
1236 1269 1319 1316 fuir
1335 1308 1348 1328 ,

57 1360 154 1389 non
172 1344 226 1390 ad
246 1343 497 1406 prae'fidium
517 1343 658 1390 modo
678 1344 914 1390 tutandum
935 1344 1057 1390 Fabii
1078 1343 1176 1390 satis
1195 1359 1347 1397 erant,

58 1414 134 1462 sed
160 1428 257 1463 tota
292 1416 506 1479 regione,
529 1431 617 1478 qua
647 1415 820 1462 Tuscus
847 1432 950 1477 ager
982 1417 1196 1470 Romano
1226 1416 1349 1478 adja-

57 1502 160 1546 cet,
184 1488 257 1536 sua
281 1501 374 1535 tuta
405 1488 583 1546 omnia,
607 1488 763 1535 infesta
790 1488 1015 1548 hostium,
1038 1503 1252 1555 vagantes
1272 1509 1351 1554 per

58 1574 301 1625 utrumque
333 1560 495 1617 finem,
520 1560 679 1608 fecere.
718 1562 1011 1610 Intervallum
1043 1563 1203 1611 deinde
1235 1565 1354 1614 haud

59 1652 274 1699 magnum
316 1635 694 1698 populationibus
728 1634 849 1682 fuit:
889 1636 992 1683 dum
1025 1638 1074 1685 ὃ(
1105 1636 1354 1699 Vejentes‚

60 1709 209 1756 accito
231 1724 287 1754 ex
311 1708 489 1754 Etruria
507 1709 735 1767 exercitu,
756 1709 1006 1772 praefidium
1023 1712 1248 1758 Cremerae
1270 1728 1354 1775 op-

61 1797 290 1846 pugnant;
308 1784 358 1829 &
379 1782 599 1828 Romanae
620 1782 824 1846 legiones
838 1819 851 1841 ,
873 1783 928 1830 ab
948 1785 996 1830 L.
1017 1783 1203 1831 AEmilio
1226 1786 1353 1832 Con-

62 1855 154 1902 sule
173 1855 373 1902 addfflae
388 1892 402 1912 ,
422 1856 633 1902 cominus
656 1873 758 1903 cum
781 1856 974 1905 Etruscis
999 1857 1215 1905 dimicant
1244 1860 1357 1907 acie.

61 1947 324 1995 quanquam
346 1931 426 1978 vix
458 1930 679 1993 dirigendi
708 1931 848 1978 aciem
883 1931 1069 1995 spatium
1087 1930 1357 1994 Veientibus

63 2004 164 2052 fuit.
220 2005 335 2050 adeo
363 2004 481 2050 inter
510 2003 702 2066 primam
731 2005 1107 2068 trepidationem,
1128 2005 1232 2051 dum
1255 2004 1358 2068 post

64 2077 186 2141 signa
213 2077 395 2123 ordines
415 2076 650 2124 introeunt
665 2112 679 2135 ‚
700 2075 977 2141 subsidiaque
1004 2078 1158 2125 locant
1172 2113 1186 2135 ‚
1206 2078 1358 2126 invec-

65 2165 111 2199 ta
129 2151 276 2198 subito
296 2151 352 2198 ab
373 2151 510 2198 latere
528 2152 736 2197 Romana
753 2152 956 2216 equitum
975 2152 1060 2209 ala,
1080 2167 1176 2197 non
1193 2169 1359 2215 pugnae

67 2225 210 2272 modo
246 2224 544 2287 incipiendae,
574 2222 646 2270 sed
677 2223 968 2283 consistendi,
991 2225 1155 2272 ademit
1189 2225 1361 2273 locum.

69 2301 132 2345 Ita
146 2333 160 2355 ‚
181 2296 265 2344 fufi
285 2310 406 2344 retro
428 2297 482 2344 ad
504 2296 606 2343 saxa
624 2297 800 2356 Rubra,
820 2296 916 2362 (ibi
937 2297 1075 2345 castra
1093 2295 1359 2358 habebant)

70 2386 222 2434 pacem
258 2368 481 2432 supplices
514 2381 687 2432 petunt.
734 2369 861 2431 cujus
901 2369 1172 2434 impetratae,
1201 2371 1256 2414 ab
1284 2368 1357 2413 in—

71 2443 152 2490 sita
184 2441 343 2489 animis
377 2441 590 2502 levitate,
611 2455 713 2489 ante
743 2442 982 2490 deduElum
1011 2444 1226 2490 Cremera
1258 2441 1374 2499 Ro-r„

71 2532 258 2564 manum
289 2517 572 2580 praesidium,
598 2516 830 2581 poenituit.
