1582 2793
217 145 276 208 38
567 147 1130 195 T1T1L1v11

216 251 366 316 inquit
386 288 400 312 ,
432 253 596 315 Jupiter
603 274 623 310 ;
660 259 764 302 audi
776 292 789 314 ,
815 274 937 317 pater
953 274 1117 319 patrate
1137 261 1288 319 populi
1306 261 1476 306 Albani
1485 279 1506 315 ;

212 327 317 370 audi
343 342 409 382 ca,
430 330 614 387 populus
637 331 838 373 Albanus
855 347 874 382 ;
904 344 950 374 ut
980 332 1056 374 illa
1075 333 1227 390 palam
1252 334 1396 390 prima
1417 350 1503 391 po-

199 402 354 468 strema
374 420 427 447 ex
450 403 539 446 illis
564 404 720 447 tabulis
741 421 876 447 cerave
896 406 1063 448 recitata
1069 403 1186 464 fimt'
1188 402 1276 465 sine
1297 407 1394 449 dolo
1414 422 1503 449 ma-

213 475 283 528 lo,
314 476 450 534 utique
481 491 527 517 ea
554 476 619 518 lzic
648 476 769 518 hodie
803 473 1005 535 reffiffi'me
1033 474 1233 519 intellec‘fa
1251 475 1386 534 fiant,
1417 478 1505 520 illis

214 548 373 607 legibus
394 545 579 608 populus
602 548 825 593 Romanus
849 550 974 608 prior
998 566 1084 593 non
1114 550 1282 608 deficiet.
1320 552 1370 594 Si
1388 551 1510 609 prior

216 619 376 677 defexit
399 624 569 681 publico
604 619 770 682 cozfilio
791 654 804 677 ,
833 622 930 665 dolo
952 624 1096 666 malo:
1130 637 1174 666 tu
1207 624 1282 668 illo
1310 624 1402 679 die,
1428 622 1507 668 Ju-

210 695 320 753 piter
336 727 349 750 ‚
372 698 574 754 pcpulum
600 695 841 739 Romanum
843 691 909 755 stc
920 692 1050 751 ferito
1068 728 1084 749 ‚
1116 710 1162 739 ut
1179 712 1249 755 ego
1279 696 1389 739 lzutzc
1399 713 1506 755 por-

213 783 306 812 cum
333 769 399 811 lzic
425 766 711 824 lzodiefkriam
728 784 745 811 .·
766 782 960 827 tantoque
994 769 1132 828 magis
1156 766 1287 825 ferito
1304 801 1318 823 ,
1351 784 1507 828 quanto

214 840 353 899 magis
373 855 493 898 potes
512 838 734 899 pollefijue.
769 836 817 882 Id
837 837 916 884 ubi
935 837 1074 896 dixit,
1109 854 1303 900 porcum
1323 837 1430 885 saxo
1450 837 1508 885 fi—

215 908 302 956 lice
333 911 558 972 percuffit.
600 912 689 957 Sua
722 909 827 956 item
867 910 1065 958 carmina
1099 911 1263 958 Albani
1292 910 1509 976 suumque

216 981 525 1045 jusjurandum
547 1001 627 1048 per
646 983 774 1031 suum
802 983 1066 1031 diRatorem
1090 983 1281 1049 suosque
1301 984 1507 1034 sacerdo-

217 1069 283 1105 tes
314 1071 599 1121 peregerunt.
1324 1050 1325 1055 Ἰ

284 1133 440 1181 XXV.
475 1134 665 1180 Foedere
690 1133 810 1193 iero,
843 1132 1101 1197 trigemini,
1127 1131 1239 1180 ficut
1272 1147 1510 1180 convene-

217 1217 313 1266 rat,
342 1224 464 1254 arma
495 1207 691 1271 capiunt.
728 1209 846 1255 Cum
870 1206 936 1255 sui
968 1205 1181 1270 utrosque
1215 1205 1511 1254 adhortaren-

218 1292 319 1339 tur,
344 1284 466 1328 Deos
476 1285 672 1342 patrios,
695 1285 882 1342 patriam
911 1300 960 1327 ac
979 1297 1199 1342 parentes,
1219 1282 1424 1340 quidquid
1448 1282 1512 1325 ci-

219 1357 336 1402 vium
367 1357 510 1411 domi,
541 1358 750 1417 quidquid
773 1358 818 1400 in
839 1357 1016 1401 exercitu
1019 1353 1083 1417 stc
1097 1389 1110 1411 ‚
1135 1356 1301 1399 illorum
1321 1369 1420 1398 tunc
1438 1372 1512 1399 ar-

219 1447 319 1484 nm,
356 1430 524 1474 illorum
553 1430 705 1474 intueri
737 1446 888 1474 manus
908 1446 925 1473 .·
961 1425 1136 1473 feroces
1169 1426 1219 1473 &
1245 1424 1403 1488 suopte
1437 1425 1512 1472 in-

219 1498 386 1562 genio,
417 1500 467 1547 &
492 1498 614 1562 pleni
634 1498 974 1546 adhortantium
993 1497 1219 1557 vocibus,
1247 1497 1293 1544 in
1314 1497 1514 1545 medium

220 1571 340 1618 inter
369 1572 476 1619 duas
505 1572 623 1620 acies
652 1573 921 1636 procedunt.
957 1571 1271 1619 Consederant
1299 1571 1515 1636 utrinque

222 1662 311 1708 pro
343 1645 493 1692 castris
525 1647 616 1693 duo
650 1647 901 1705 exercitus,
935 1646 1126 1710 periculi
1155 1648 1293 1710 magis
1320 1645 1515 1709 praesen·

223 1717 280 1764 tis
295 1754 311 1776 ,
347 1736 483 1783 quam
512 1737 631 1767 curae
651 1755 665 1778 ,
694 1732 914 1783 expertes.
948 1720 1115 1784 quippe
1144 1720 1382 1783 imperium
1408 1722 1516 1785 age-

227 1793 388 1853 batur,
421 1794 467 1840 in
495 1805 585 1841 tam
606 1812 858 1858 paucorum
880 1795 1047 1843 virtute
1072 1807 1206 1859 atque
1227 1794 1412 1842 fortuna
1433 1812 1518 1859 po-

224 1865 372 1913 situm.
406 1866 554 1930 itaque
573 1883 682 1931 ergo
702 1868 835 1914 ereffl
854 1866 1134 1931 suspensique
1153 1867 1199 1913 in
1215 1867 1398 1914 minime
1419 1883 1516 1932 gra·

225 1949 324 1984 zum
363 1938 663 2002 speRaculum
696 1939 851 1987 animo
887 1939 1200 1986 intenduntur.
1246 1940 1393 1986 Datur
1431 1939 1518 2004 fig-

225 2029 349 2060 num.
394 2012 655 2077 infestisque
693 2014 856 2073 armi5‚
890 2014 1021 2063 velut
1056 2013 1203 2072 acies,
1233 2012 1351 2060 terni
1382 2012 1518 2075 juve-

226 2103 305 2134 nes
323 2123 336 2145 ‚
354 2105 624 2151 magnorum
649 2088 928 2137 exercituum
947 2088 1124 2135 animos
1145 2080 1350 2152 gerenies
1365 2122 1380 2146 ‚
1403 2103 1516 2136 con-

227 2171 450 2207 currunt:
489 2177 573 2207 nec
608 2159 703 2220 his,
738 2177 823 2209 nec
853 2160 939 2206 illis
965 2160 1219 2222 periculum
1245 2159 1396 2216 suum;
1429 2176 1516 2223 pu-

230 2230 402 2277 blicum
435 2230 673 2294 imperium
701 2230 1022 2293 servitiumque
1049 2230 1312 2278 obversatur
1333 2232 1515 2290 animo,

228 2304 470 2371 futuraque
499 2323 550 2352 ea
576 2306 738 2353 deinde
766 2306 920 2369 patriae
941 2304 1125 2351 fortuna
1142 2342 1156 2364 ‚
1184 2322 1322 2368 quam
1348 2305 1429 2368 ipsi
1453 2305 1514 2352 fe-

230 2378 401 2426 ciffent.
436 2382 500 2427 Ut
532 2378 682 2443 primo
713 2380 858 2426 statim
890 2378 1114 2426 concursu
1143 2380 1405 2442 increpuere
1442 2396 1516 2426 ar-

231 2470 327 2515 ma,
348 2452 650 2520 micantesque
670 2453 830 2503 fulsere
848 2453 983 2519 gladii
1000 2489 1015 2514 ‚
1033 2453 1201 2502 horror
1218 2454 1374 2519 ingens
1393 2452 1513 2517 spec-
