1582 2793
296 188 898 238 HISTORIARUM
945 191 1077 239 Llss.
1127 195 1188 241 11.
1294 211 1381 258 147

97 310 294 347 terrores
318 310 467 345 tamen
495 314 551 344 eo
572 296 779 352 evasere,
803 310 852 343 ut
877 300 1056 361 Oppia,
1077 301 1210 366 virgo
1232 304 1384 352 Vesta.

97 370 151 420 lis
169 410 182 431 ,
210 374 412 419 damnata
440 370 594 417 incesti
628 388 786 433 poenas
816 371 1000 418 dederit.

162 449 315 494 XLm.
344 449 404 507 Q.
427 445 583 492 Fabius
610 446 714 492 inde
736 448 786 494 δε
808 447 862 493 C.
882 444 1022 494 Julius
1042 449 1247 496 consules
1267 450 1385 500 saffi.

97 520 167 564 Eo
196 535 317 563 anno
350 534 445 563 non
484 516 661 581 segnior
695 517 915 563 discordia
946 517 1102 575 domi,
1132 521 1181 567 &
1215 521 1386 570 bellum

96 589 208 636 foris
239 591 439 637 atrocius
468 590 566 636 snit.
603 590 674 637 Ab
703 590 858 653 AEquis
885 607 1004 636 arma
1023 589 1178 638 sumta.
1217 593 1387 655 Vejen-

96 674 162 709 tes
200 680 354 727 agrum
385 679 570 727 quoque
607 665 922 710 Romanorum
962 663 1233 726 populantes
1267 667 1385 714 inie-

96 750 215 784 runt.
249 753 446 800 quorum
473 736 698 782 bellorum
737 736 961 782 crescente
989 753 1125 795 cura,
1146 737 1277 784 Caeso
1308 742 1386 787 Fa·

96 809 196 857 bius
223 812 272 858 &
292 811 365 872 Sp.
387 810 543 857 Furius
574 808 783 855 consules
809 807 939 856 fiunt.
972 810 1201 856 Ortonam
1219 844 1232 869 ‚
1260 812 1387 858 Lati-

97 901 202 930 nam
234 884 421 938 urbem,
449 883 584 947 AEqui
619 883 951 946 oppugnabant.
989 883 1387 948 Vejentes‚.pleni

95 955 184 1019 jam
216 955 596 1019 populationum,
631 954 828 1002 Romam
859 955 998 1018 ipsam
1023 955 1065 1002 se
1090 970 1388 1021 oppugnatu-

98 1046 176 1076 ros
209 1030 508 1076 minabantur.
552 1028 649 1090 Qui
685 1044 914 1087 terrores,
952 1046 1056 1077 cum
1098 1032 1388 1094 compescere

96 1103 341 1161 deberent,
369 1118 534 1148 auxere
563 1101 744 1164 insuper
772 1102 946 1148 animos
983 1102 1158 1165 plebis:
1187 1106 1387 1153 redibat-

96 1191 185 1236 que
220 1191 315 1222 non
355 1174 432 1221 sua
465 1174 626 1238 sponte
666 1174 788 1238 plebi
818 1191 920 1223 mos
952 1175 1223 1225 detrectandi
1262 1179 1388 1226 mili·-

95 1250 219 1297 tiam.
250 1248 323 1296 sed
347 1251 423 1313 Sp.
443 1249 642 1297 Licinius
662 1250 868 1296 tribunus
892 1250 1034 1312 plebis
1051 1286 1065 1308 ,
1083 1251 1253 1299 veniffe
1272 1265 1386 1301 tem-

97 1340 181 1386 pus
214 1335 334 1369 ratus
365 1339 446 1386 per
477 1321 681 1369 ultimam
715 1322 1017 1369 neceffitatem
1055 1323 1163 1388 legis
1198 1326 1388 1389 agrariae

95 1396 300 1442 Patribus
322 1394 608 1458 injungendae
623 1431 638 1454 ,
663 1393 907 1458 susceperat
926 1411 1020 1443 rem
1042 1396 1281 1445 militarem
1301 1399 1386 1446 im-

99 1469 380 1532 pediendam.
419 1470 633 1516 Ceterum
663 1479 763 1516 tota
793 1468 969 1516 invidia
1003 1471 1261 1519 tribuniciae
1293 1490 1387 1537 po-

97 1543 265 1590 testatis
298 1541 425 1588 versa
452 1542 499 1588 in
527 1542 755 1589 au&orem
782 1541 870 1588 est:
900 1558 982 1589 nec
1011 1542 1059 1588 in
1084 1559 1186 1590 eum
1222 1546 1385 1594 consu-

98 1617 161 1664 les
191 1616 363 1673 acrius,
392 1632 526 1680 quam
547 1613 680 1679 ipfius
712 1612 808 1677 ejus
837 1614 1055 1680 collegae,
1085 1618 1238 1665 coorti
1261 1619 1385 1668 sunt:

97 1688 359 1752 auxilioque
395 1704 555 1735 eorum
592 1687 812 1735 deleRurn
851 1687 1058 1736 consules
1094 1690 1275 1739 habent.
1313 1693 1385 1739 Ad

98 1762 192 1807 duo
224 1761 352 1807 simul
381 1761 497 1808 bella
527 1761 752 1809 exercitus
781 1760 1004 1810 scribitur.
1046 1762 1277 1812 ducendus
1302 1768 1386 1812 Fa-

98 1835 177 1883 bio
202 1834 247 1882 in
264 1837 466 1899 AEquos,
493 1834 541 1881 in
561 1834 774 1898 Vejentes
799 1835 937 1883 Furio
962 1836 1107 1884 datur.
1140 1839 1198 1884 Et
1224 1838 1272 1885 in
1291 1841 1386 1887 Ve-

96 1910 293 1973 ientibus
312 1910 493 1973 quidem
515 1910 628 1956 nihil
648 1910 832 1975 dignum
860 1911 1078 1958 memoria
1108 1911 1279 1976 gestum
1305 1914 1385 1963 est.

98 1982 238 2029 Fabio
268 1982 502 2046 aliquanto
531 1982 632 2045 plus
662 1982 836 2046 negotii
869 1999 972 2030 cum
1002 1982 1178 2031 civibus
1197 2021 1212 2043 ,
1246 2003 1384 2051 quam

95 2071 200 2103 cum
227 2054 460 2113 hostibus,
487 2054 585 2102 fuit.
617 2072 733 2103 unus
767 2055 842 2102 ille
868 2056 940 2104 vir
963 2056 1055 2120 ipse
1083 2058 1241 2105 consul
1261 2077 1384 2107 rem-

96 2129 321 2194 publicam
351 2128 579 2188 sustinuit,
612 2146 748 2194 quam
768 2129 991 2177 exercitus
1019 2131 1131 2178 odio
1152 2133 1383 2193 consulis,

97 2216 311 2269 quantum
343 2204 388 2250 in
422 2204 464 2252 se
496 2205 614 2263 fuit,
647 2205 878 2269 prodebat.
913 2206 1031 2252 Nam
1064 2223 1167 2254 cum
1194 2208 1383 2267 consul,

97 2289 262 2341 praeter
297 2290 463 2327 ceteras
498 2280 810 2343 imperatorias
843 2292 990 2339 artes,
1026 2296 1134 2344 quas
1181 2282 1385 2343 parando

96 2351 385 2415 gerendoque
416 2353 537 2400 bello
568 2353 709 2400 edidit
742 2353 953 2418 plurimas
975 2389 988 2412 ,
1016 2353 1078 2399 ita
1112 2353 1383 2401 instruxisset

98 2423 240 2470 aciem
261 2460 276 2482 ,
302 2438 352 2471 ut
371 2461 385 2485 ‚
415 2425 514 2473 solo
550 2427 751 2491 equitatu
787 2428 944 2475 emiss'o
962 2463 977 2486 ,
1010 2426 1256 2473 exercitum
1292 2427 1381 2473 ho·-

95 2496 228 2546 stium
254 2499 489 2561 funderet,
510 2501 681 2567 insequi
705 2502 826 2551 fusos
847 2503 982 2566 pedes
1017 2500 1179 2549 noluit.
1214 2517 1298 2549 nec
1327 2497 1381 2548 il·

976 2575 1024 2622 Κ
1061 2591 1087 2621 2
