1582 2793
156 180 247 224 142
507 160 733 211 ΤΙΤΙ
808 164 1084 210 LIVII

152 277 202 320 de
218 290 353 335 pace:
370 271 422 338 st
437 275 584 334 praeda
613 275 710 318 belli
736 291 815 334 per
831 276 962 319 otium
985 272 1085 332 frui
1108 275 1270 331 velint,
1304 282 1458 321 memoi

151 367 233 394 rem
241 348 292 407 se
321 345 364 393 δ’
393 349 548 393 civium
579 346 747 404 injuriae
763 382 776 402 .,
799 344 841 392 G*
862 347 1070 407 hospitum
1096 347 1304 407 beneficii,
1325 351 1457 393 atmi-

139 420 292 480 surum
308 454 321 476 ,
340 435 390 464 ut
416 436 642 479 appareat,
671 417 819 481 exsilio
833 417 922 481 sibi
954 421 1165 475 irritatos,
1186 437 1273 464 non
1290 417 1457 478 f'raft‘os

151 496 322 538 animos
356 491 444 557 effe.
484 494 648 538 lterum
685 491 847 538 deinde
882 491 1019 537 iidem
1052 492 1166 539 miffi
1201 509 1297 540 non
1336 494 1456 540 reci-

149 566 338 630 piuntur
358 565 404 612 in
423 566 574 613 castra.
609 566 873 613 Sacerdotes
902 582 1091 630 quoque
1110 602 1124 626 ‚
1150 566 1236 614 suis
1264 567 1455 632 insigni-

149 641 236 689 bus
260 641 462 696 velatos,
490 641 564 686 iffe
587 639 808 703 supplices
830 640 885 686 ad
906 639 1045 687 castra
1070 639 1291 699 hostium,
1312 642 1451 689 tradi·-

149 727 247 762 tum
263 715 349 771 est,
371 715 516 760 nihilo
538 715 677 778 magis
700 731 838 778 quam
860 714 1032 778 legatos
1048 714 1216 761 flexiffe
1233 715 1453 766 animum.

218 790 319 835 XL.
349 789 470 833 Tum
498 799 721 833 matronae
754 786 810 832 ad
841 787 1099 846 Veturiam,
1133 800 1323 836 matrem
1351 791 1453 837 Co-

149 861 346 919 riolani,
361 859 750 923 Volumniamque
768 876 961 908 uxorem
984 860 1243 925 frequentes
1267 875 1453 912 coeunt.

147 936 196 982 id
231 935 463 998 publicum
489 935 728 981 confilium
745 971 758 993 ‚
780 950 834 982 an
860 935 1091 982 muliebris
1114 935 1255 983 timor
1286 935 1451 997 fuerit,

149 1027 310 1073 parum
341 1009 549 1056 invenio.
597 1009 838 1056 Pervicere
877 1022 997 1057 certe
1018 1047 1032 1068 ‚
1065 1024 1115 1058 ut
1149 1012 1200 1058 &
1230 1012 1450 1071 Veturia,

148 1099 319 1146 magno
351 1094 458 1128 natu
492 1082 656 1128 mulier
675 1118 689 1139 ,
726 1083 776 1129 &
805 1082 1056 1129 Volumnia
1080 1119 1093 1141 ,
1133 1083 1250 1132 duos
1280 1101 1450 1149 parvos

146 1173 207 1202 ex
238 1156 415 1203 Marcio
452 1155 600 1202 serens
632 1153 752 1202 filios
773 1191 787 1214 ‚
824 1154 973 1203 secum
1007 1156 1053 1204 in
1084 1157 1224 1205 castra
1250 1159 1451 1207 hostium

146 1229 294 1276 irent:
327 1230 405 1286 &,
429 1245 565 1291 quam
599 1228 734 1275 armis
766 1228 858 1276 viri
891 1229 1129 1278 defendere
1160 1232 1320 1279 urbem
1350 1250 1450 1280 non

145 1300 325 1365 possent
339 1337 353 1360 ‚
379 1301 588 1348 mulieres
606 1301 817 1364 precibus
837 1302 1120 1367 lacrimisque
1139 1304 1448 1355 defenderent.

145 1377 239 1424 Ubi
276 1377 332 1424 ad
365 1375 504 1423 castra
535 1388 727 1423 ventum
759 1375 821 1422 est
840 1412 853 1434 ‚
895 1370 1240 1443 nuntiatumque
1273 1380 1449 1427 Corio-

143 1451 253 1498 lano
276 1488 290 1510 ,
324 1450 467 1498 adesse
505 1450 663 1514 ingens
700 1451 942 1498 mulierum
977 1469 1173 1516 agmen3
1210 1453 1258 1500 in
1293 1452 1447 1517 primo

145 1526 232 1590 (ut
261 1526 340 1589 qui
375 1542 459 1572 nec
495 1525 678 1588 publica
711 1525 939 1587 majestate
968 1526 1015 1574 in
1049 1526 1238 1591 legatis,
1275 1545 1361 1575 nec
1396 1528 1446 1576 in

144 1599 454 1646 sacerdotibus
484 1610 607 1646 tanta
636 1597 778 1645 offusa
803 1599 950 1646 oculis
979 1599 1227 1663 animoque
1254 1599 1445 1664 religio-

142 1690 202 1719 ne
234 1685 390 1720 motus
417 1672 550 1737 effet)
582 1674 728 1719 multo
761 1673 1032 1721 obstinatior
1062 1673 1274 1721 adversus
1304 1673 1443 1722 lacri-

140 1763 234 1794 mas
254 1747 496 1794 muliebres
519 1758 623 1794 erat.
656 1747 781 1794 Dein
801 1746 1087 1795 familiarium
1116 1748 1301 1812 quidam
1318 1783 1332 1807 ,
1358 1749 1440 1813 qui

139 1823 362 1888 infignem
392 1823 606 1870 moestitia
636 1823 754 1870 inter
780 1835 949 1871 ceteras
981 1839 1269 1888 cognoverat
1292 1825 1436 1872 Vetu-

139 1898 252 1944 riam
274 1935 290 1956 ,
325 1897 445 1944 inter
478 1914 642 1943 nurum
678 1896 957 1960 nepotesque
990 1896 1212 1954 stantem,
1248 1897 1348 1959 Nist
1375 1916 1441 1945 me

130 1972 420 2038 sustratum,
466 1970 646 2034 inquit,
680 1974 824 2028 oculi,
856 1987 989 2018 mater
1018 1972 1096 2017 tibi
1128 1970 1365 2032 conjuxque
1395 1969 1440 2018 δ’

140 2048 258 2090 liberi
291 2046 459 2105 adsimt.
496 2044 804 2103 Coriolanus,
838 2060 984 2107 prope
1016 2056 1067 2090 ut
1101 2059 1286 2102 amens,
1318 2060 1441 2091 con-

139 2117 361 2164 sternatus
378 2154 392 2175 ,
413 2119 469 2164 ab
490 2117 588 2164 sede
611 2117 683 2165 sua
704 2136 806 2166 cum
829 2118 964 2165 ferret
981 2117 1112 2165 matri
1138 2117 1291 2165 obviae
1313 2133 1439 2164 com-

139 2193 356 2254 plexum;
393 2192 556 2239 mulier
581 2193 628 2239 in
662 2193 773 2240 iram
802 2210 859 2240 ex
883 2193 1093 2257 precibus
1122 2191 1277 2251 versa,
1303 2196 1436 2249 Sine,

135 2267 382 2329 priusquam
402 2272 662 2328 complexum
686 2272 846 2330 accipio
860 2304 873 2326 ‚
892 2270 1033 2329 filant
1047 2302 1061 2325 ,
1089 2267 1260 2330 inquit,
1282 2269 1344 2313 ad
1357 2269 1438 2313 lzo-

127 2344 235 2410 stem
253 2375 267 2399 ,
285 2359 342 2386 cm
361 2343 422 2386 ad
424 2344 569 2401 filium
586 2377 599 2400 ‚
617 2346 793 2388 venerim
808 2361 824 2388 .·
844 2346 1010 2403 captiva
1030 2359 1210 2387 materne
1230 2345 1276 2387 irz
1295 2342 1435 2408 castris

141 2417 229 2460 ταῖς
244 2413 369 2479 sim?
394 2416 447 2460 Isz
471 2417 547 2461 lzoc
566 2434 628 2460 me
648 2420 775 2477 longa
797 2419 885 2462 vita
914 2415 957 2463 ὃ*
988 2416 1144 2475 infelix
1162 2417 1325 2476 senec‘t'a
1343 2432 1435 2461 tra·

143 2491 240 2548 xit,
275 2491 323 2535 ut
352 2489 534 2553 eaficlwz
564 2504 627 2550 te,
663 2491 810 2538 deinde
832 2491 978 2556 hostem
1006 2491 1219 2541 viderem?
1254 2488 1435 2556 Potuisti
