<?xml version="1.0" encoding="UTF-8"?>
<!DOCTYPE html PUBLIC "-//W3C//DTD XHTML 1.0 Transitional//EN"
    "http://www.w3.org/TR/xhtml1/DTD/xhtml1-transitional.dtd">
<html xmlns="http://www.w3.org/1999/xhtml" xml:lang="en" lang="en">
 <head>
  <title>
</title>
<meta http-equiv="Content-Type" content="text/html;charset=utf-8" />
  <meta name='ocr-system' content='tesseract 3.04.00' />
  <meta name='ocr-capabilities' content='ocr_page ocr_carea ocr_par ocr_line ocrx_word'/>
</head>
<body>
  <div class='ocr_page' id='page_1' title='image "./historiarumlibri01livyuoft_0248.png"; bbox 0 0 1582 2793; ppageno 0'>
   <div class='ocr_carea' id='block_1_1' title="bbox 185 178 1098 244">
    <p class='ocr_par' dir='ltr' id='par_1_1' title="bbox 185 178 1098 244">
     <span class='ocr_line' id='line_1_1' title="bbox 185 178 1098 244; baseline 0.004 -14"><span class='ocrx_word' id='word_1_1' title='bbox 185 186 248 244; x_wconf 61' lang='lat'>84</span> <span class='ocrx_word' id='word_1_2' title='bbox 541 178 760 232; x_wconf 74' lang='lat' dir='ltr'>T1T1</span> <span class='ocrx_word' id='word_1_3' title='bbox 826 188 1098 234; x_wconf 88' lang='lat' dir='ltr'>LIVII</span> 
     </span>
    </p>
   </div>
   <div class='ocr_carea' id='block_1_2' title="bbox 180 291 1470 651">
    <p class='ocr_par' dir='ltr' id='par_1_2' title="bbox 180 291 1470 651">
     <span class='ocr_line' id='line_1_2' title="bbox 181 291 1467 359; baseline 0.003 -18"><span class='ocrx_word' id='word_1_4' title='bbox 181 291 370 341; x_wconf 80' lang='lat' dir='ltr'>veniens</span> <span class='ocrx_word' id='word_1_5' title='bbox 404 291 476 339; x_wconf 77' lang='lat' dir='ltr'>vir</span> <span class='ocrx_word' id='word_1_6' title='bbox 503 292 828 358; x_wconf 73' lang='lat' dir='ltr'>Tarquiniique</span> <span class='ocrx_word' id='word_1_7' title='bbox 864 295 1043 359; x_wconf 78' lang='lat' dir='ltr'>excepti</span> <span class='ocrx_word' id='word_1_8' title='bbox 1071 293 1278 359; x_wconf 66' lang='lat' dir='ltr'>benigne,</span> <span class='ocrx_word' id='word_1_9' title='bbox 1319 296 1467 346; x_wconf 61' lang='lat' dir='ltr'>viclor</span> 
     </span>
     <span class='ocr_line' id='line_1_3' title="bbox 180 364 1467 431; baseline 0.005 -21"><span class='ocrx_word' id='word_1_10' title='bbox 180 365 365 411; x_wconf 82' lang='lat' dir='ltr'>maritus</span> <span class='ocrx_word' id='word_1_11' title='bbox 386 364 577 411; x_wconf 81' lang='lat' dir='ltr'>comiter</span> <span class='ocrx_word' id='word_1_12' title='bbox 600 365 767 413; x_wconf 85' lang='lat' dir='ltr'>invitat</span> <span class='ocrx_word' id='word_1_13' title='bbox 793 366 941 431; x_wconf 87' lang='lat' dir='ltr'>regios</span> <span class='ocrx_word' id='word_1_14' title='bbox 961 366 1166 429; x_wconf 87' lang='lat' dir='ltr'>juvenes.</span> <span class='ocrx_word' id='word_1_15' title='bbox 1199 368 1263 414; x_wconf 85' lang='lat' dir='ltr'>Ibi</span> <span class='ocrx_word' id='word_1_16' title='bbox 1281 369 1467 417; x_wconf 77' lang='lat' dir='ltr'>Sextum</span> 
     </span>
     <span class='ocr_line' id='line_1_4' title="bbox 181 437 1466 503; baseline 0.001 -16"><span class='ocrx_word' id='word_1_17' title='bbox 181 437 479 502; x_wconf 75' lang='lat' dir='ltr'>Tarquinium</span> <span class='ocrx_word' id='word_1_18' title='bbox 499 438 610 485; x_wconf 90' lang='lat' dir='ltr'>mala</span> <span class='ocrx_word' id='word_1_19' title='bbox 628 437 770 484; x_wconf 84' lang='lat' dir='ltr'>libido</span> <span class='ocrx_word' id='word_1_20' title='bbox 792 440 1012 486; x_wconf 83' lang='lat' dir='ltr'>Lucretiae</span> <span class='ocrx_word' id='word_1_21' title='bbox 1043 456 1124 503; x_wconf 87' lang='lat' dir='ltr'>per</span> <span class='ocrx_word' id='word_1_22' title='bbox 1148 439 1244 487; x_wconf 88' lang='lat' dir='ltr'>vim</span> <span class='ocrx_word' id='word_1_23' title='bbox 1263 440 1466 503; x_wconf 86' lang='lat' dir='ltr'>stupran-</span> 
     </span>
     <span class='ocr_line' id='line_1_5' title="bbox 181 510 1468 575; baseline 0.002 -16"><span class='ocrx_word' id='word_1_24' title='bbox 181 513 250 560; x_wconf 82' lang='lat' dir='ltr'>dae</span> <span class='ocrx_word' id='word_1_25' title='bbox 280 512 411 575; x_wconf 84' lang='lat' dir='ltr'>capit.</span> <span class='ocrx_word' id='word_1_26' title='bbox 440 524 534 559; x_wconf 90' lang='lat' dir='ltr'>tum</span> <span class='ocrx_word' id='word_1_27' title='bbox 556 510 731 569; x_wconf 85' lang='lat' dir='ltr'>forma,</span> <span class='ocrx_word' id='word_1_28' title='bbox 763 523 858 557; x_wconf 88' lang='lat' dir='ltr'>tum</span> <span class='ocrx_word' id='word_1_29' title='bbox 888 510 1076 574; x_wconf 61' lang='lat' dir='ltr'>spectata</span> <span class='ocrx_word' id='word_1_30' title='bbox 1104 513 1275 561; x_wconf 88' lang='lat' dir='ltr'>castitas</span> <span class='ocrx_word' id='word_1_31' title='bbox 1296 512 1468 563; x_wconf 72' lang='lat' dir='ltr'>incitat.</span> 
     </span>
     <span class='ocr_line' id='line_1_6' title="bbox 183 583 1470 651; baseline 0.002 -18"><span class='ocrx_word' id='word_1_32' title='bbox 183 589 242 634; x_wconf 86' lang='lat' dir='ltr'>Et</span> <span class='ocrx_word' id='word_1_33' title='bbox 270 598 364 633; x_wconf 89' lang='lat' dir='ltr'>tum</span> <span class='ocrx_word' id='word_1_34' title='bbox 383 584 562 651; x_wconf 87' lang='lat' dir='ltr'>quidem</span> <span class='ocrx_word' id='word_1_35' title='bbox 590 584 645 632; x_wconf 92' lang='lat' dir='ltr'>ab</span> <span class='ocrx_word' id='word_1_36' title='bbox 665 585 894 633; x_wconf 55' lang='lat' dir='ltr'>nocturno</span> <span class='ocrx_word' id='word_1_37' title='bbox 914 583 1108 646; x_wconf 85' lang='lat' dir='ltr'>juvenili</span> <span class='ocrx_word' id='word_1_38' title='bbox 1125 586 1236 634; x_wconf 87' lang='lat' dir='ltr'>ludo</span> <span class='ocrx_word' id='word_1_39' title='bbox 1263 587 1311 634; x_wconf 86' lang='lat' dir='ltr'>in</span> <span class='ocrx_word' id='word_1_40' title='bbox 1331 587 1470 635; x_wconf 87' lang='lat' dir='ltr'>castra</span> 
     </span>
    </p>
   </div>
   <div class='ocr_carea' id='block_1_3' title="bbox 179 661 1466 797">
    <p class='ocr_par' dir='ltr' id='par_1_3' title="bbox 179 661 1466 797">
     <span class='ocr_line' id='line_1_7' title="bbox 289 671 385 706; baseline 0 0"><span class='ocrx_word' id='word_1_41' title='bbox 289 678 317 706; x_wconf 90' lang='lat' dir='ltr'>u</span> <span class='ocrx_word' id='word_1_42' title='bbox 354 671 385 706; x_wconf 91' lang='lat' dir='ltr'>t.</span> 
     </span>
     <span class='ocr_line' id='line_1_8' title="bbox 179 661 1466 797; baseline 0.002 -19"><span class='ocrx_word' id='word_1_43' title='bbox 179 661 401 778; x_wconf 49' lang='lat' dir='ltr'>redEthIl.</span> <span class='ocrx_word' id='word_1_44' title='bbox 427 725 584 776; x_wconf 84' lang='lat' dir='ltr'>Paucis</span> <span class='ocrx_word' id='word_1_45' title='bbox 614 725 856 789; x_wconf 61' lang='lat' dir='ltr'>interjectis</span> <span class='ocrx_word' id='word_1_46' title='bbox 884 724 1040 774; x_wconf 88' lang='lat' dir='ltr'>diebus</span> <span class='ocrx_word' id='word_1_47' title='bbox 1053 763 1069 785; x_wconf 85' lang='lat'>‚</span> <span class='ocrx_word' id='word_1_48' title='bbox 1089 728 1250 777; x_wconf 84' lang='lat' dir='ltr'><strong>Sextus</strong></span> <span class='ocrx_word' id='word_1_49' title='bbox 1270 731 1466 797; x_wconf 81' lang='lat' dir='ltr'>Tarqui·-</span> 
     </span>
    </p>
   </div>
   <div class='ocr_carea' id='block_1_4' title="bbox 170 799 1492 2561">
    <p class='ocr_par' dir='ltr' id='par_1_4' title="bbox 170 799 1492 2561">
     <span class='ocr_line' id='line_1_9' title="bbox 182 799 1465 861; baseline 0.001 -9"><span class='ocrx_word' id='word_1_50' title='bbox 182 805 283 852; x_wconf 80' lang='lat' dir='ltr'>nius</span> <span class='ocrx_word' id='word_1_51' title='bbox 299 839 312 861; x_wconf 87' lang='lat'>,</span> <span class='ocrx_word' id='word_1_52' title='bbox 336 801 477 849; x_wconf 87' lang='lat' dir='ltr'>inscio</span> <span class='ocrx_word' id='word_1_53' title='bbox 498 799 732 848; x_wconf 88' lang='lat' dir='ltr'>Collatino</span> <span class='ocrx_word' id='word_1_54' title='bbox 747 835 762 859; x_wconf 89' lang='lat'>‚</span> <span class='ocrx_word' id='word_1_55' title='bbox 791 817 891 847; x_wconf 91' lang='lat' dir='ltr'>cum</span> <span class='ocrx_word' id='word_1_56' title='bbox 913 799 1081 847; x_wconf 87' lang='lat' dir='ltr'>comite</span> <span class='ocrx_word' id='word_1_57' title='bbox 1099 818 1193 848; x_wconf 90' lang='lat' dir='ltr'>uno</span> <span class='ocrx_word' id='word_1_58' title='bbox 1217 804 1465 854; x_wconf 87' lang='lat' dir='ltr'>Collatiam</span> 
     </span>
     <span class='ocr_line' id='line_1_10' title="bbox 184 873 1467 939; baseline 0 -14"><span class='ocrx_word' id='word_1_59' title='bbox 184 878 330 925; x_wconf 86' lang='lat' dir='ltr'>venit.</span> <span class='ocrx_word' id='word_1_60' title='bbox 379 875 458 922; x_wconf 90' lang='lat' dir='ltr'>ubi</span> <span class='ocrx_word' id='word_1_61' title='bbox 501 884 713 936; x_wconf 84' lang='lat' dir='ltr'>exceptus</span> <span class='ocrx_word' id='word_1_62' title='bbox 745 873 935 936; x_wconf 81' lang='lat' dir='ltr'>benigne</span> <span class='ocrx_word' id='word_1_63' title='bbox 969 874 1023 920; x_wconf 89' lang='lat' dir='ltr'>ab</span> <span class='ocrx_word' id='word_1_64' title='bbox 1062 873 1228 938; x_wconf 86' lang='lat' dir='ltr'>ignaris</span> <span class='ocrx_word' id='word_1_65' title='bbox 1261 878 1467 939; x_wconf 77' lang='lat' dir='ltr'>consilii,</span> 
     </span>
     <span class='ocr_line' id='line_1_11' title="bbox 183 946 1468 1014; baseline -0.001 -15"><span class='ocrx_word' id='word_1_66' title='bbox 183 969 290 1000; x_wconf 86' lang='lat' dir='ltr'>cum</span> <span class='ocrx_word' id='word_1_67' title='bbox 319 949 418 1014; x_wconf 85' lang='lat' dir='ltr'>post</span> <span class='ocrx_word' id='word_1_68' title='bbox 441 965 620 996; x_wconf 89' lang='lat' dir='ltr'>coenam</span> <span class='ocrx_word' id='word_1_69' title='bbox 647 948 697 994; x_wconf 88' lang='lat' dir='ltr'>in</span> <span class='ocrx_word' id='word_1_70' title='bbox 723 946 943 1010; x_wconf 82' lang='lat' dir='ltr'>hospitale</span> <span class='ocrx_word' id='word_1_71' title='bbox 971 947 1230 996; x_wconf 89' lang='lat' dir='ltr'>cubiculum</span> <span class='ocrx_word' id='word_1_72' title='bbox 1258 951 1468 999; x_wconf 65' lang='lat' dir='ltr'>deductus</span> 
     </span>
     <span class='ocr_line' id='line_1_12' title="bbox 182 1019 1467 1084; baseline 0 -12"><span class='ocrx_word' id='word_1_73' title='bbox 182 1025 289 1073; x_wconf 86' lang='lat' dir='ltr'>effet</span> <span class='ocrx_word' id='word_1_74' title='bbox 303 1060 316 1083; x_wconf 75' lang='lat'><strong>‚</strong></span> <span class='ocrx_word' id='word_1_75' title='bbox 344 1039 495 1070; x_wconf 88' lang='lat' dir='ltr'>amore</span> <span class='ocrx_word' id='word_1_76' title='bbox 518 1021 673 1068; x_wconf 88' lang='lat' dir='ltr'>ardens</span> <span class='ocrx_word' id='word_1_77' title='bbox 690 1056 704 1078; x_wconf 88' lang='lat'>‚</span> <span class='ocrx_word' id='word_1_78' title='bbox 723 1019 957 1084; x_wconf 84' lang='lat' dir='ltr'>postquam</span> <span class='ocrx_word' id='word_1_79' title='bbox 979 1020 1079 1068; x_wconf 80' lang='lat' dir='ltr'>satis</span> <span class='ocrx_word' id='word_1_80' title='bbox 1103 1034 1198 1069; x_wconf 86' lang='lat' dir='ltr'>tuta</span> <span class='ocrx_word' id='word_1_81' title='bbox 1219 1023 1368 1084; x_wconf 89' lang='lat' dir='ltr'>circa,</span> <span class='ocrx_word' id='word_1_82' title='bbox 1388 1024 1467 1071; x_wconf 90' lang='lat' dir='ltr'>so-</span> 
     </span>
     <span class='ocr_line' id='line_1_13' title="bbox 181 1092 1468 1162; baseline 0.002 -19"><span class='ocrx_word' id='word_1_83' title='bbox 181 1097 360 1162; x_wconf 83' lang='lat' dir='ltr'>pitique</span> <span class='ocrx_word' id='word_1_84' title='bbox 389 1111 547 1142; x_wconf 86' lang='lat' dir='ltr'>omnes</span> <span class='ocrx_word' id='word_1_85' title='bbox 576 1093 868 1151; x_wconf 84' lang='lat' dir='ltr'>videbantur,</span> <span class='ocrx_word' id='word_1_86' title='bbox 902 1092 1053 1141; x_wconf 64' lang='lat' dir='ltr'>striclo</span> <span class='ocrx_word' id='word_1_87' title='bbox 1083 1095 1234 1159; x_wconf 82' lang='lat' dir='ltr'>gladio</span> <span class='ocrx_word' id='word_1_88' title='bbox 1268 1097 1325 1144; x_wconf 93' lang='lat' dir='ltr'>ad</span> <span class='ocrx_word' id='word_1_89' title='bbox 1355 1097 1468 1144; x_wconf 89' lang='lat' dir='ltr'>dor-</span> 
     </span>
     <span class='ocr_line' id='line_1_14' title="bbox 180 1166 1468 1232; baseline -0.001 -14"><span class='ocrx_word' id='word_1_90' title='bbox 180 1171 398 1219; x_wconf 87' lang='lat' dir='ltr'>mientem</span> <span class='ocrx_word' id='word_1_91' title='bbox 417 1166 667 1214; x_wconf 84' lang='lat' dir='ltr'>Lucretiam</span> <span class='ocrx_word' id='word_1_92' title='bbox 695 1166 824 1215; x_wconf 87' lang='lat' dir='ltr'>venit</span> <span class='ocrx_word' id='word_1_93' title='bbox 837 1202 851 1224; x_wconf 94' lang='lat'>‚</span> <span class='ocrx_word' id='word_1_94' title='bbox 878 1166 1137 1232; x_wconf 83' lang='lat' dir='ltr'>sinistraque</span> <span class='ocrx_word' id='word_1_95' title='bbox 1155 1186 1292 1216; x_wconf 88' lang='lat' dir='ltr'>manu</span> <span class='ocrx_word' id='word_1_96' title='bbox 1308 1170 1468 1218; x_wconf 87' lang='lat' dir='ltr'>mulie-</span> 
     </span>
     <span class='ocr_line' id='line_1_15' title="bbox 179 1238 1467 1306; baseline -0.001 -15"><span class='ocrx_word' id='word_1_97' title='bbox 179 1244 242 1291; x_wconf 82' lang='lat' dir='ltr'>ris</span> <span class='ocrx_word' id='word_1_98' title='bbox 262 1243 442 1306; x_wconf 63' lang='lat' dir='ltr'>pefiore</span> <span class='ocrx_word' id='word_1_99' title='bbox 473 1238 713 1303; x_wconf 79' lang='lat' dir='ltr'>oppreff0‚</span> <span class='ocrx_word' id='word_1_100' title='bbox 746 1242 852 1286; x_wconf 83' lang='lat' dir='ltr'>Tace</span> <span class='ocrx_word' id='word_1_101' title='bbox 871 1243 1086 1298; x_wconf 83' lang='lat' dir='ltr'>Lucretia,</span> <span class='ocrx_word' id='word_1_102' title='bbox 1112 1241 1286 1306; x_wconf 82' lang='lat' dir='ltr'>inquit,</span> <span class='ocrx_word' id='word_1_103' title='bbox 1309 1247 1467 1290; x_wconf 78' lang='lat' dir='ltr'>Sextus</span> 
     </span>
     <span class='ocr_line' id='line_1_16' title="bbox 186 1314 1467 1383; baseline -0.009 -18"><span class='ocrx_word' id='word_1_104' title='bbox 186 1319 447 1379; x_wconf 78' lang='lat' dir='ltr'>Tarquinius</span> <span class='ocrx_word' id='word_1_105' title='bbox 462 1316 562 1376; x_wconf 83' lang='lat' dir='ltr'>sum</span> <span class='ocrx_word' id='word_1_106' title='bbox 578 1332 594 1360; x_wconf 90' lang='lat'><em>:</em></span> <span class='ocrx_word' id='word_1_107' title='bbox 612 1314 773 1374; x_wconf 78' lang='lat' dir='ltr'>ferrum</span> <span class='ocrx_word' id='word_1_108' title='bbox 800 1317 846 1360; x_wconf 79' lang='lat' dir='ltr'>in</span> <span class='ocrx_word' id='word_1_109' title='bbox 862 1334 990 1361; x_wconf 77' lang='lat' dir='ltr'>manu</span> <span class='ocrx_word' id='word_1_110' title='bbox 1014 1317 1090 1383; x_wconf 85' lang='lat' dir='ltr'>est:</span> <span class='ocrx_word' id='word_1_111' title='bbox 1111 1319 1277 1363; x_wconf 78' lang='lat' dir='ltr'>moriere</span> <span class='ocrx_word' id='word_1_112' title='bbox 1285 1353 1300 1374; x_wconf 78' lang='grc'>,</span> <span class='ocrx_word' id='word_1_113' title='bbox 1305 1317 1354 1381; x_wconf 74' lang='lat' dir='ltr'>sl</span> <span class='ocrx_word' id='word_1_114' title='bbox 1366 1321 1467 1364; x_wconf 77' lang='lat' dir='ltr'>emi-</span> 
     </span>
     <span class='ocr_line' id='line_1_17' title="bbox 170 1388 1492 1455; baseline -0.003 -16"><span class='ocrx_word' id='word_1_115' title='bbox 170 1395 279 1455; x_wconf 63' lang='lat' dir='ltr'>sens</span> <span class='ocrx_word' id='word_1_116' title='bbox 310 1410 459 1439; x_wconf 79' lang='lat' dir='ltr'>vocem.</span> <span class='ocrx_word' id='word_1_117' title='bbox 497 1390 615 1436; x_wconf 88' lang='lat' dir='ltr'>Cum</span> <span class='ocrx_word' id='word_1_118' title='bbox 645 1389 810 1451; x_wconf 80' lang='lat' dir='ltr'>pavida</span> <span class='ocrx_word' id='word_1_119' title='bbox 840 1405 896 1434; x_wconf 86' lang='lat' dir='ltr'>ex</span> <span class='ocrx_word' id='word_1_120' title='bbox 917 1388 1079 1436; x_wconf 90' lang='lat' dir='ltr'>somno</span> <span class='ocrx_word' id='word_1_121' title='bbox 1106 1390 1267 1437; x_wconf 89' lang='lat' dir='ltr'>mulier</span> <span class='ocrx_word' id='word_1_122' title='bbox 1294 1391 1492 1439; x_wconf 60' lang='lat' dir='ltr'>nullam„</span> 
     </span>
     <span class='ocr_line' id='line_1_18' title="bbox 181 1461 1466 1529; baseline -0.002 -16"><span class='ocrx_word' id='word_1_123' title='bbox 181 1483 318 1529; x_wconf 90' lang='lat' dir='ltr'>opem</span> <span class='ocrx_word' id='word_1_124' title='bbox 336 1502 349 1522; x_wconf 92' lang='lat'>,</span> <span class='ocrx_word' id='word_1_125' title='bbox 371 1480 513 1528; x_wconf 85' lang='lat' dir='ltr'>prope</span> <span class='ocrx_word' id='word_1_126' title='bbox 545 1475 738 1508; x_wconf 79' lang='lat' dir='ltr'>mortem</span> <span class='ocrx_word' id='word_1_127' title='bbox 766 1461 1104 1523; x_wconf 75' lang='lat' dir='ltr'>imminentem,</span> <span class='ocrx_word' id='word_1_128' title='bbox 1134 1463 1334 1522; x_wconf 83' lang='lat' dir='ltr'>videret3</span> <span class='ocrx_word' id='word_1_129' title='bbox 1371 1476 1466 1512; x_wconf 89' lang='lat' dir='ltr'>tum</span> 
     </span>
     <span class='ocr_line' id='line_1_19' title="bbox 181 1535 1465 1602; baseline -0.002 -16"><span class='ocrx_word' id='word_1_130' title='bbox 181 1538 459 1602; x_wconf 84' lang='lat' dir='ltr'>Tarquinius</span> <span class='ocrx_word' id='word_1_131' title='bbox 487 1536 615 1583; x_wconf 81' lang='lat' dir='ltr'>fateri</span> <span class='ocrx_word' id='word_1_132' title='bbox 646 1551 871 1593; x_wconf 82' lang='lat' dir='ltr'>amorem,</span> <span class='ocrx_word' id='word_1_133' title='bbox 906 1551 1034 1582; x_wconf 83' lang='lat' dir='ltr'>orare</span> <span class='ocrx_word' id='word_1_134' title='bbox 1053 1571 1069 1593; x_wconf 89' lang='lat'><strong><em>,</em></strong></span> <span class='ocrx_word' id='word_1_135' title='bbox 1101 1535 1285 1583; x_wconf 85' lang='lat' dir='ltr'>miscere</span> <span class='ocrx_word' id='word_1_136' title='bbox 1316 1537 1465 1599; x_wconf 75' lang='lat' dir='ltr'>preci-</span> 
     </span>
     <span class='ocr_line' id='line_1_20' title="bbox 175 1608 1466 1671; baseline -0.001 -12"><span class='ocrx_word' id='word_1_137' title='bbox 175 1612 264 1660; x_wconf 81' lang='lat' dir='ltr'>bus</span> <span class='ocrx_word' id='word_1_138' title='bbox 288 1612 432 1658; x_wconf 85' lang='lat' dir='ltr'>minas</span> <span class='ocrx_word' id='word_1_139' title='bbox 447 1647 461 1669; x_wconf 84' lang='lat'>‚</span> <span class='ocrx_word' id='word_1_140' title='bbox 481 1608 657 1657; x_wconf 84' lang='lat' dir='ltr'>versare</span> <span class='ocrx_word' id='word_1_141' title='bbox 678 1608 724 1654; x_wconf 88' lang='lat' dir='ltr'>in</span> <span class='ocrx_word' id='word_1_142' title='bbox 744 1624 902 1655; x_wconf 87' lang='lat' dir='ltr'>omnes</span> <span class='ocrx_word' id='word_1_143' title='bbox 919 1621 1061 1671; x_wconf 83' lang='lat' dir='ltr'>partes</span> <span class='ocrx_word' id='word_1_144' title='bbox 1082 1609 1343 1657; x_wconf 86' lang='lat' dir='ltr'>muliebrem</span> <span class='ocrx_word' id='word_1_145' title='bbox 1365 1610 1466 1658; x_wconf 88' lang='lat' dir='ltr'>ani-</span> 
     </span>
     <span class='ocr_line' id='line_1_21' title="bbox 181 1682 1464 1748; baseline -0.002 -15"><span class='ocrx_word' id='word_1_146' title='bbox 181 1703 319 1734; x_wconf 89' lang='lat' dir='ltr'>mum.</span> <span class='ocrx_word' id='word_1_147' title='bbox 352 1684 431 1731; x_wconf 84' lang='lat' dir='ltr'>ubi</span> <span class='ocrx_word' id='word_1_148' title='bbox 462 1683 728 1729; x_wconf 85' lang='lat' dir='ltr'>obstinatam</span> <span class='ocrx_word' id='word_1_149' title='bbox 762 1682 970 1741; x_wconf 88' lang='lat' dir='ltr'>videbat,</span> <span class='ocrx_word' id='word_1_150' title='bbox 1007 1685 1055 1730; x_wconf 69' lang='grc' dir='ltr'>ὅ(</span> <span class='ocrx_word' id='word_1_151' title='bbox 1082 1699 1137 1728; x_wconf 91' lang='lat' dir='ltr'>ne</span> <span class='ocrx_word' id='word_1_152' title='bbox 1169 1684 1329 1731; x_wconf 88' lang='lat' dir='ltr'>mortis</span> <span class='ocrx_word' id='word_1_153' title='bbox 1359 1684 1464 1748; x_wconf 90' lang='lat' dir='ltr'>qui-</span> 
     </span>
     <span class='ocr_line' id='line_1_22' title="bbox 182 1755 1465 1814; baseline -0.001 -8"><span class='ocrx_word' id='word_1_154' title='bbox 182 1760 286 1806; x_wconf 89' lang='lat' dir='ltr'>dem</span> <span class='ocrx_word' id='word_1_155' title='bbox 307 1774 428 1805; x_wconf 88' lang='lat' dir='ltr'>metu</span> <span class='ocrx_word' id='word_1_156' title='bbox 450 1756 689 1814; x_wconf 79' lang='lat' dir='ltr'>inclinari,</span> <span class='ocrx_word' id='word_1_157' title='bbox 709 1755 831 1802; x_wconf 84' lang='lat' dir='ltr'>addit</span> <span class='ocrx_word' id='word_1_158' title='bbox 848 1755 903 1801; x_wconf 80' lang='lat' dir='ltr'>ad</span> <span class='ocrx_word' id='word_1_159' title='bbox 930 1768 1096 1802; x_wconf 86' lang='lat' dir='ltr'>metum</span> <span class='ocrx_word' id='word_1_160' title='bbox 1117 1755 1333 1804; x_wconf 84' lang='lat' dir='ltr'>dedecus:</span> <span class='ocrx_word' id='word_1_161' title='bbox 1359 1774 1465 1805; x_wconf 89' lang='lat' dir='ltr'>cum</span> 
     </span>
     <span class='ocr_line' id='line_1_23' title="bbox 183 1828 1466 1894; baseline -0.001 -14"><span class='ocrx_word' id='word_1_162' title='bbox 183 1846 363 1880; x_wconf 87' lang='lat' dir='ltr'>mortua</span> <span class='ocrx_word' id='word_1_163' title='bbox 393 1830 642 1894; x_wconf 82' lang='lat' dir='ltr'>jugulatum</span> <span class='ocrx_word' id='word_1_164' title='bbox 663 1828 842 1876; x_wconf 85' lang='lat' dir='ltr'>servum</span> <span class='ocrx_word' id='word_1_165' title='bbox 873 1829 1044 1892; x_wconf 86' lang='lat' dir='ltr'>nudum</span> <span class='ocrx_word' id='word_1_166' title='bbox 1072 1830 1354 1892; x_wconf 82' lang='lat' dir='ltr'>positurum,</span> <span class='ocrx_word' id='word_1_167' title='bbox 1375 1832 1466 1891; x_wconf 82' lang='lat' dir='ltr'>ait,</span> 
     </span>
     <span class='ocr_line' id='line_1_24' title="bbox 184 1902 1465 1963; baseline -0.002 -9"><span class='ocrx_word' id='word_1_168' title='bbox 184 1920 236 1954; x_wconf 91' lang='lat' dir='ltr'>ut</span> <span class='ocrx_word' id='word_1_169' title='bbox 263 1907 309 1952; x_wconf 92' lang='lat' dir='ltr'>in</span> <span class='ocrx_word' id='word_1_170' title='bbox 332 1904 514 1952; x_wconf 85' lang='lat' dir='ltr'>sordido</span> <span class='ocrx_word' id='word_1_171' title='bbox 536 1902 758 1949; x_wconf 89' lang='lat' dir='ltr'>adulterio</span> <span class='ocrx_word' id='word_1_172' title='bbox 789 1913 944 1949; x_wconf 86' lang='lat' dir='ltr'>necata</span> <span class='ocrx_word' id='word_1_173' title='bbox 963 1902 1149 1949; x_wconf 89' lang='lat' dir='ltr'>dicatur.</span> <span class='ocrx_word' id='word_1_174' title='bbox 1181 1905 1292 1963; x_wconf 88' lang='lat' dir='ltr'>Quo</span> <span class='ocrx_word' id='word_1_175' title='bbox 1321 1918 1465 1952; x_wconf 87' lang='lat' dir='ltr'>terro-</span> 
     </span>
     <span class='ocr_line' id='line_1_25' title="bbox 184 1975 1466 2038; baseline -0.002 -11"><span class='ocrx_word' id='word_1_176' title='bbox 184 1998 230 2027; x_wconf 76' lang='lat' dir='ltr'>re</span> <span class='ocrx_word' id='word_1_177' title='bbox 252 1998 354 2028; x_wconf 84' lang='lat' dir='ltr'>cum</span> <span class='ocrx_word' id='word_1_178' title='bbox 377 1977 550 2027; x_wconf 80' lang='lat' dir='ltr'>viciffet</span> <span class='ocrx_word' id='word_1_179' title='bbox 576 1976 841 2023; x_wconf 87' lang='lat' dir='ltr'>obstinatam</span> <span class='ocrx_word' id='word_1_180' title='bbox 862 1975 1121 2038; x_wconf 86' lang='lat' dir='ltr'>pudicitiam</span> <span class='ocrx_word' id='word_1_181' title='bbox 1150 1976 1278 2024; x_wconf 91' lang='lat' dir='ltr'>velut</span> <span class='ocrx_word' id='word_1_182' title='bbox 1300 1977 1466 2024; x_wconf 67' lang='lat' dir='ltr'>victrix</span> 
     </span>
     <span class='ocr_line' id='line_1_26' title="bbox 184 2049 1466 2116; baseline -0.002 -16"><span class='ocrx_word' id='word_1_183' title='bbox 184 2055 360 2112; x_wconf 72' lang='lat' dir='ltr'>libido,</span> <span class='ocrx_word' id='word_1_184' title='bbox 397 2050 707 2116; x_wconf 66' lang='lat' dir='ltr'>profe6lusque</span> <span class='ocrx_word' id='word_1_185' title='bbox 746 2050 848 2096; x_wconf 88' lang='lat' dir='ltr'>inde</span> <span class='ocrx_word' id='word_1_186' title='bbox 883 2049 1187 2112; x_wconf 83' lang='lat' dir='ltr'>Tarquinius,</span> <span class='ocrx_word' id='word_1_187' title='bbox 1223 2049 1354 2096; x_wconf 84' lang='lat' dir='ltr'>ferox</span> <span class='ocrx_word' id='word_1_188' title='bbox 1383 2067 1466 2097; x_wconf 85' lang='lat' dir='ltr'>ex-</span> 
     </span>
     <span class='ocr_line' id='line_1_27' title="bbox 186 2123 1466 2191; baseline 0 -18"><span class='ocrx_word' id='word_1_189' title='bbox 186 2140 388 2191; x_wconf 80' lang='lat' dir='ltr'>pugnato</span> <span class='ocrx_word' id='word_1_190' title='bbox 422 2126 586 2171; x_wconf 85' lang='lat' dir='ltr'>decore</span> <span class='ocrx_word' id='word_1_191' title='bbox 622 2123 832 2170; x_wconf 84' lang='lat' dir='ltr'>muliebri</span> <span class='ocrx_word' id='word_1_192' title='bbox 868 2123 1002 2180; x_wconf 52' lang='lat' dir='ltr'>effer,</span> <span class='ocrx_word' id='word_1_193' title='bbox 1039 2125 1274 2182; x_wconf 87' lang='lat' dir='ltr'>Lucretia,</span> <span class='ocrx_word' id='word_1_194' title='bbox 1308 2125 1466 2173; x_wconf 87' lang='lat' dir='ltr'>moesta</span> 
     </span>
     <span class='ocr_line' id='line_1_28' title="bbox 186 2196 1468 2258; baseline -0.002 -12"><span class='ocrx_word' id='word_1_195' title='bbox 186 2211 316 2246; x_wconf 78' lang='lat' dir='ltr'>tanto</span> <span class='ocrx_word' id='word_1_196' title='bbox 350 2197 469 2244; x_wconf 84' lang='lat' dir='ltr'>malo</span> <span class='ocrx_word' id='word_1_197' title='bbox 488 2233 501 2255; x_wconf 83' lang='lat'>‚</span> <span class='ocrx_word' id='word_1_198' title='bbox 534 2196 743 2242; x_wconf 85' lang='lat' dir='ltr'>nuntium</span> <span class='ocrx_word' id='word_1_199' title='bbox 763 2197 957 2243; x_wconf 84' lang='lat' dir='ltr'>Romam</span> <span class='ocrx_word' id='word_1_200' title='bbox 977 2197 1167 2242; x_wconf 89' lang='lat' dir='ltr'>eundem</span> <span class='ocrx_word' id='word_1_201' title='bbox 1189 2196 1243 2242; x_wconf 88' lang='lat' dir='ltr'>ad</span> <span class='ocrx_word' id='word_1_202' title='bbox 1268 2208 1468 2258; x_wconf 84' lang='lat' dir='ltr'>patrem,</span> 
     </span>
     <span class='ocr_line' id='line_1_29' title="bbox 190 2268 1467 2332; baseline -0.002 -14"><span class='ocrx_word' id='word_1_203' title='bbox 190 2273 470 2332; x_wconf 79' lang='lat' dir='ltr'>Ardeamque</span> <span class='ocrx_word' id='word_1_204' title='bbox 500 2269 554 2314; x_wconf 86' lang='lat' dir='ltr'>ad</span> <span class='ocrx_word' id='word_1_205' title='bbox 575 2269 725 2315; x_wconf 86' lang='lat' dir='ltr'>virum</span> <span class='ocrx_word' id='word_1_206' title='bbox 750 2269 887 2315; x_wconf 86' lang='lat' dir='ltr'>mittit</span> <span class='ocrx_word' id='word_1_207' title='bbox 904 2304 917 2326; x_wconf 86' lang='lat'>,</span> <span class='ocrx_word' id='word_1_208' title='bbox 947 2281 998 2314; x_wconf 89' lang='lat' dir='ltr'>ut</span> <span class='ocrx_word' id='word_1_209' title='bbox 1028 2285 1127 2314; x_wconf 87' lang='lat' dir='ltr'>cum</span> <span class='ocrx_word' id='word_1_210' title='bbox 1161 2269 1337 2332; x_wconf 78' lang='lat' dir='ltr'>singulis</span> <span class='ocrx_word' id='word_1_211' title='bbox 1359 2268 1467 2316; x_wconf 84' lang='lat' dir='ltr'>fide-</span> 
     </span>
     <span class='ocr_line' id='line_1_30' title="bbox 188 2341 1469 2407; baseline 0.001 -18"><span class='ocrx_word' id='word_1_212' title='bbox 188 2345 307 2390; x_wconf 82' lang='lat' dir='ltr'>libus</span> <span class='ocrx_word' id='word_1_213' title='bbox 335 2343 487 2389; x_wconf 79' lang='lat' dir='ltr'>amicis</span> <span class='ocrx_word' id='word_1_214' title='bbox 514 2342 729 2389; x_wconf 79' lang='lat' dir='ltr'>veniant:</span> <span class='ocrx_word' id='word_1_215' title='bbox 764 2342 823 2388; x_wconf 87' lang='lat' dir='ltr'>ita</span> <span class='ocrx_word' id='word_1_216' title='bbox 854 2341 971 2388; x_wconf 59' lang='lat' dir='ltr'>facto</span> <span class='ocrx_word' id='word_1_217' title='bbox 997 2355 1312 2407; x_wconf 83' lang='lat' dir='ltr'>maturatoque</span> <span class='ocrx_word' id='word_1_218' title='bbox 1349 2360 1469 2406; x_wconf 84' lang='lat' dir='ltr'>opus</span> 
     </span>
     <span class='ocr_line' id='line_1_31' title="bbox 188 2415 1466 2478; baseline 0.003 -16"><span class='ocrx_word' id='word_1_219' title='bbox 188 2417 302 2472; x_wconf 67' lang='lat' dir='ltr'>ell&#39;e3</span> <span class='ocrx_word' id='word_1_220' title='bbox 335 2433 427 2462; x_wconf 85' lang='lat' dir='ltr'>rem</span> <span class='ocrx_word' id='word_1_221' title='bbox 462 2427 659 2462; x_wconf 79' lang='lat' dir='ltr'>atrocem</span> <span class='ocrx_word' id='word_1_222' title='bbox 683 2415 895 2462; x_wconf 65' lang='lat' dir='ltr'>incidiss&#39;e.</span> <span class='ocrx_word' id='word_1_223' title='bbox 935 2417 1254 2478; x_wconf 66' lang='lat' dir='ltr'>Sp.Luc1·e-tius</span> <span class='ocrx_word' id='word_1_224' title='bbox 1286 2435 1386 2464; x_wconf 90' lang='lat' dir='ltr'>cum</span> <span class='ocrx_word' id='word_1_225' title='bbox 1417 2420 1466 2467; x_wconf 86' lang='lat' dir='ltr'>P.</span> 
     </span>
     <span class='ocr_line' id='line_1_32' title="bbox 187 2489 1465 2561; baseline 0.002 -23"><span class='ocrx_word' id='word_1_226' title='bbox 187 2491 370 2546; x_wconf 78' lang='lat' dir='ltr'>Valerio</span> <span class='ocrx_word' id='word_1_227' title='bbox 393 2490 546 2538; x_wconf 75' lang='lat' dir='ltr'>Volesi</span> <span class='ocrx_word' id='word_1_228' title='bbox 575 2489 698 2551; x_wconf 64' lang='lat' dir='ltr'>lilio,</span> <span class='ocrx_word' id='word_1_229' title='bbox 729 2489 984 2539; x_wconf 67' lang='lat' dir='ltr'>Collatinus</span> <span class='ocrx_word' id='word_1_230' title='bbox 1008 2507 1109 2540; x_wconf 86' lang='lat' dir='ltr'>cum</span> <span class='ocrx_word' id='word_1_231' title='bbox 1130 2494 1178 2547; x_wconf 88' lang='lat' dir='ltr'>L,</span> <span class='ocrx_word' id='word_1_232' title='bbox 1197 2493 1332 2542; x_wconf 81' lang='lat' dir='ltr'>Juuio</span> <span class='ocrx_word' id='word_1_233' title='bbox 1351 2494 1465 2561; x_wconf 71' lang='lat' dir='ltr'>Bru-g¹</span> 
     </span>
    </p>
   </div>
  </div>
 </body>
</html>
