1680 2803
316 179 450 218 XXVI
706 163 1281 211 TITILIVII

312 276 444 342 quod
470 271 645 321 Annius
675 271 968 320 Viterbienfis
994 281 1283 318 commentus
1316 267 1432 330 fuit,
1454 286 1508 320 ae
1535 271 1615 321 vi-‘

314 357 376 405 ris
411 355 560 404 obesae
602 352 720 400 naris
745 388 758 411 ‚
788 352 854 399 uti
893 369 1185 416 germanum,
1215 350 1420 399 obtrufit.
1481 351 1617 399 Nihil*

313 438 401 487 isto
424 438 554 503 plane
587 434 723 482 Annii
756 432 992 480 Itinerario
1024 433 1280 493 indoffius,
1307 432 1507 482 insulsius
1535 432 1611 480 ni-

313 521 397 569 hil.
423 519 566 580 Quod
593 519 642 565 ὅ(
674 516 766 580 ipsa
791 531 860 561 res
885 514 1077 572 clamat,
1099 516 1149 562 &
1168 515 1361 563 ubertim
1383 514 1610 563 ostensum

313 600 377 647 est
403 618 429 647 a
448 599 664 662 Philippo
693 595 916 644 Cluverio
950 594 995 641 in
1027 595 1152 642 Italia
1180 594 1270 643 sua.
1304 596 1509 643 Amentis
1531 612 1616 642 au·

313 695 405 731 tem
427 683 512 730 effe
532 699 589 728 ex
607 677 926 728 commentitio
948 676 1056 725 loco
1079 675 1126 723 in
1146 675 1330 725 Livium
1358 675 1613 729 debaccha-g

311 766 373 826 ri,
402 768 453 814 &
482 764 634 811 insana
668 760 898 826 proferre,
931 775 1068 807 nemo
1097 775 1192 807 non
1214 757 1356 809 videt.

380 902 544 950 Paulus
562 900 724 948 Benius
744 900 788 947 in
810 899 994 947 Livium
1022 915 1205 962 quoque
1233 898 1435 946 nostrum
1462 898 1614 949 stilum

313 985 440 1033 suum
465 982 666 1042 exacuit,
693 980 937 1028 Historiam
970 977 1066 1040 ejus
1095 978 1261 1026 crebris
1287 979 1515 1028 conviciis
1539 981 1611 1028 la-

314 1068 495 1117 ceffens.
526 1065 756 1131 Siquidem
776 1064 812 1111 is
832 1063 951 1110 libro
969 1063 1004 1108 11
1021 1061 1073 1107 de
1090 1059 1413 1109 conscribenda
1428 1062 1616 1112 historia*

313 1147 476 1209 objicit
493 1146 607 1193 illud
622 1142 828 1209 inprimis
846 1142 1066 1189 historico
1089 1141 1244 1188 nostro
1265 1142 1484 1207 principi,
1498 1146 1614 1205 quod

313 1234 444 1277 nimis
464 1232 652 1292 poeticus
674 1227 818 1286 ‘fuerit
834 1260 848 1284 ‚
869 1225 1072 1285 nimisque
1101 1227 1253 1285 longus
1270 1257 1283 1278 ,
1306 1221 1350 1269 ἅ
1374 1226 1616 1284 aliquando

314 1311 534 1357 aristionem
566 1311 716 1355 habeat
750 1306 1010 1370 dffmilem,
1029 1305 1257 1363 fhrtuitam
1275 1340 1292 1361 ,
1331 1301 1374 1350 G*
1402 1307 1609 1351 interdum

312 1393 471 1458 vastam
493 1388 536 1437 G
557 1391 832 1436 inconditam.
867 1386 952 1433 Sed
976 1384 1135 1432 frustra
1158 1385 1350 1433 lividum
1374 1383 1463 1433 hoc
1482 1384 1608 1449 inge-

313 1474 440 1521 nium
473 1472 673 1538 juguiare
707 1470 852 1517 nisum
888 1468 950 1516 est
982 1467 1163 1516 Livium
1184 1502 1198 1525 ‚
1229 1466 1443 1526 imbrem,
1480 1466 1610 1531 quod

310 1554 458 1618 ajunt,
479 1555 527 1601 in
547 1554 698 1602 cribro
718 1566 887 1616 gerens.
910 1552 982 1596 An
1004 1564 1098 1594 non
1120 1547 1240 1594 enim
1260 1547 1476 1607 Historia,
1493 1548 1608 1595 Poe·

307 1639 343 1686 fi
375 1638 616 1702 proxima,
647 1637 698 1683 &
730 1633 854 1681 stilus
893 1631 991 1693 ejus
1021 1629 1367 1694 quodammodo
1408 1628 1612 1676 solutum

310 1723 524 1773 carmen?
553 1724 624 1768 An
644 1737 739 1767 non
765 1718 840 1765 illa
863 1715 983 1763 sonis
1008 1714 1093 1761 suis
1113 1730 1164 1760 ac
1185 1711 1381 1759 numeris
1408 1711 1615 1772 conflat,ss

309 1816 360 1852 ut
389 1813 539 1850 metro
568 1800 617 1847 in
651 1797 810 1846 animis
847 1795 1088 1842 hominum
1120 1792 1273 1839 varios
1309 1791 1485 1839 affefiffls
1519 1807 1605 1838 ex·

312 1886 448 1943 citet,
469 1884 519 1931 &
545 1897 649 1929 cum
672 1875 967 1925 deleRatione
995 1872 1162 1920 excitet
1177 1906 1191 1930 ‚
1208 1887 1300 1935 quo
1322 1870 1497 1918 facilius
1523 1870 1610 1918 im-

312 1942 501 2028 providi
522 1961 688 2025 quique
710 1975 767 2005 ex
793 1956 984 2004 aliorum
1009 1953 1132 2000 faffls
1146 1988 1160 2011 ‚
1178 1951 1388 2015 periculis
1401 1988 1416 2011 ‚
1434 1953 1484 2000 &
1503 1967 1610 2000 mo-

314 2045 421 2093 nitis
459 2043 670 2091 meliores
702 2039 847 2087 fiant?
891 2036 1115 2083 Audiatur
1144 2033 1218 2080 hic
1250 2049 1364 2079 unus
1400 2049 1424 2079 e
1454 2032 1607 2081 multis

315 2126 524 2183 Voffius,
549 2124 668 2170 libro
691 2125 707 2168 1
732 2122 785 2167 de
810 2116 1050 2166 Historicis
1080 2114 1249 2162 Latinis
1265 2148 1279 2172 ‚
1301 2130 1394 2175 cap.
1416 2115 1481 2160 11:
1515 2117 1608 2177 Qui

315 2225 449 2254 autem
488 2205 718 2272 Historiam
748 2221 775 2247 a
798 2202 848 2260 fi
870 2200 1087 2264 signatam
1109 2198 1220 2241 exire
1236 2229 1249 2250 ,
1271 2210 1390 2255 atque
1416 2213 1608 2242 emanare

315 2294 361 2335 in
395 2292 543 2348 vulgus
572 2287 702 2346 primi
727 2283 950 2340 juberent,
982 2282 1114 2324 Poetae
1146 2276 1334 2335 suerunt.
1384 2273 1604 2321 Recenset

316 2381 461 2416 autem
495 2367 689 2424 Remus,
719 2363 870 2428 exigui
904 2361 1088 2424 capitis,
1116 2371 1159 2407 at
1192 2359 1395 2406 exilioris
1431 2357 1605 2406 cerebri

316 2452 416 2514 vir,
446 2451 562 2500 inter
592 2448 795 2514 poeticas
829 2444 1152 2509 descriptiones
1184 2441 1490 2491 narrationem
1522 2438 1606 2497 adt
