1582 2793
172 165 263 214 134
525 146 754 200 TITI
826 153 1104 202 LIVII

165 275 253 306 mae
271 257 457 316 mansit3
482 259 622 320 alter,
641 262 695 309 ad
715 262 937 310 Volscum
969 262 1136 311 bellum
1163 263 1318 314 missu-s
1336 303 1350 326 ,
1373 268 1476 314 An·-'

169 332 301 381 tiates
329 331 524 381 Volscos
555 333 710 382 fundit
743 334 984 400 fugatque:
1021 338 1282 401 compulsos
1309 340 1356 386 in
1387 357 1478 404 op-

169 406 333 470 pidum
355 407 610 471 Longulam
631 407 910 471 persecutus‚
931 412 1162 460 moenibus
1185 413 1374 477 potitur.
1404 416 1480 461 In-

169 479 226 525 de
257 479 491 528 Poluscam
509 516 524 540 ,
552 480 659 527 item
680 480 957 529 Volscorum
977 519 990 542 ,
1019 485 1139 548 cepit
1159 503 1170 533 :
1199 497 1294 533 tum
1315 503 1478 551 magna

166 554 221 602 vi
252 554 438 603 adortus
467 554 529 602 est
559 554 797 603 Coriolos.
837 558 945 603 Erat
976 569 1071 606 tum
1096 559 1142 605 in
1179 562 1328 609 castris
1357 561 1480 609 inter

170 627 396 691 primores
427 627 648 690 juvenum
680 628 734 675 C.
758 628 958 676 Marcius
975 666 988 688 ,
1010 631 1270 681 adolescens
1290 636 1340 683 &
1360 650 1480 681 con·-

168 700 272 749 filio
299 702 350 748 &
376 719 513 748 manu
546 713 779 764 promtus,
800 701 877 748 cui
908 719 1170 767 cognomen
1202 706 1357 769 postea
1380 708 1478 753 Co-

169 772 355 822 riolano
375 773 474 821 fuit.
504 775 622 821 Cum
640 773 790 822 subito
810 776 1063 824 exercitum
1083 779 1363 838 Romanum,
1381 781 1478 826 Co-

167 847 318 897 riolos
346 847 629 894 obsidentem
646 884 661 907 ,
683 860 819 913 atque
838 849 884 896 in
908 849 1193 913 oppidanos,
1215 868 1334 916 quos
1355 851 1480 901 intus

167 922 347 970 clausos
377 921 599 982 habebat,
624 921 850 970 intentum
871 922 964 970 fine
991 923 1088 970 ullo
1116 936 1241 971 metu
1259 924 1481 972 extrinse-
1526 942 1531 959 ¹-

169 1012 251 1044 cus
279 995 558 1042 imminentis
587 995 722 1056 belli,
744 996 930 1044 Volscae
957 997 1163 1062 legiones
1189 997 1402 1062 profefihe
1421 999 1479 1046 ab

170 1070 317 1117 Antio
351 1069 643 1128 invasissent,
676 1069 929 1135 eodemque
967 1083 1176 1135 tempore
1209 1089 1267 1119 ex
1297 1073 1477 1136 oppido

169 1143 416 1207 erupissent
447 1142 598 1190 hostes
619 1161 633 1200 ;
653 1141 774 1190 forte
796 1143 844 1190 in
865 1143 1053 1192 statione
1073 1146 1271 1193 Marcius
1297 1145 1395 1195 suit.
1438 1150 1482 1194 Is

170 1234 277 1265 cum
315 1217 483 1264 deleEta
516 1216 713 1263 militum
746 1234 918 1277 manu,
947 1235 1045 1265 non
1076 1219 1220 1267 modo
1256 1220 1479 1284 impetum

171 1290 511 1354 erumpentium
543 1291 743 1350 retudit,
763 1290 837 1338 sed
860 1309 941 1355 per
962 1304 1190 1355 patentem
1211 1305 1392 1357 portam
1415 1294 1480 1343 fe-

171 1381 263 1412 rox
297 1365 493 1429 irrupit:
525 1365 738 1429 caedeque
769 1365 817 1412 in
851 1366 1065 1428 proxima
1095 1366 1219 1415 urbis
1246 1367 1384 1427 sacla,
1411 1369 1483 1433 ig-

172 1457 279 1488 nem
312 1453 482 1487 temere
518 1453 779 1504 arreptum,
804 1440 1148 1490 imminentibus
1177 1460 1310 1491 muro
1342 1443 1479 1491 aedifi-

171 1515 254 1562 ciis
292 1514 462 1577 injecit.
514 1515 707 1562 Clamor
747 1516 852 1563 inde
897 1518 1273 1581 oppidanorum,
1310 1518 1482 1569 mixtus

171 1590 384 1638 muliebri
406 1590 661 1655 puerilique
682 1591 864 1656 ploratu
883 1630 897 1651 ‚
919 1594 975 1640 ad
1002 1607 1247 1654 terrorem,
1267 1605 1318 1642 ut
1337 1593 1450 1641 solet
1464 1629 1481 1654 ,
1531 1589 1537 1595 ’

171 1664 326 1728 primo
357 1678 462 1711 ortu
496 1667 546 1713 &
583 1667 806 1713 Romanis
839 1668 965 1715 auxit
996 1669 1226 1726 animum,
1246 1670 1298 1717 &
1323 1668 1480 1716 turba-

174 1739 248 1786 vit
283 1740 505 1799 Volscos,
527 1753 691 1805 utpote
725 1755 855 1805 capta
887 1745 1032 1803 urbe,
1056 1744 1129 1792 cui
1159 1745 1216 1793 ad
1247 1744 1481 1792 ferendam

175 1828 314 1876 opem
350 1825 587 1861 venerant.
625 1816 689 1862 Ita
720 1814 802 1862 fufi
835 1815 992 1864 Volsci
1026 1815 1261 1877 Antiates,
1295 1815 1483 1865 Corioli

175 1887 400 1950 oppidum
436 1900 634 1951 captum.
669 1900 938 1955 tantumque
961 1889 1034 1937 sua
1059 1890 1188 1937 laude
1219 1890 1394 1938 obstitit
1413 1891 1483 1940 fa-

176 1976 264 2006 mae
296 1958 495 2008 consulis
531 1960 729 2008 Marcius
743 1997 755 2018 ,
776 1973 826 2008 ut
841 1998 856 2020 ,
876 1961 956 2008 nifi
977 1961 1127 2010 foedus
1155 1979 1260 2009 cum
1280 1963 1482 2024 Latinis,

178 2030 397 2078 columna
437 2050 560 2080 aenea
596 2033 873 2097 insculptum
889 2071 903 2094 ,
927 2048 1230 2083 monumento
1265 2036 1371 2084 effet
1387 2072 1401 2095 ‚
1427 2036 1487 2084 ab

179 2106 255 2168 Sp.
276 2105 426 2153 Caffio
446 2125 540 2156 uno
556 2144 569 2166 ‚
588 2107 694 2171 quia
719 2108 895 2172 collega
915 2108 1088 2157 afuerat
1101 2146 1115 2168 ,
1136 2109 1271 2156 iCtum
1289 2126 1305 2165 ;
1326 2109 1487 2157 Postu&

181 2196 309 2227 mum
334 2179 601 2227 Cominium
624 2180 792 2227 bellum
823 2181 988 2244 geffiffe
1019 2199 1122 2228 cum
1151 2181 1358 2241 Volscis,
1383 2200 1485 2230 me-

181 2252 329 2300 moria
349 2252 545 2300 ceffiffet.
568 2254 743 2299 Eodem
763 2270 886 2300 anno
907 2254 1107 2317 Agrippa
1127 2256 1366 2303 Menenius
1382 2273 1485 2303 mo-

184 2326 328 2384 ritur,
348 2326 422 2372 vir
442 2326 573 2373 omni
595 2326 687 2374 vita
706 2327 869 2389 pariter
891 2327 1093 2374 Patribus
1115 2345 1167 2375 ac
1188 2328 1308 2391 plebi
1326 2346 1484 2386 carus;

184 2398 288 2464 post
310 2398 595 2446 secessionem
618 2399 767 2446 carior
784 2400 905 2463 plebi
930 2401 1085 2450 fafilus.
1106 2402 1225 2449 Huic
1247 2402 1485 2466 interpreti

182 2472 450 2540 arbitroque
481 2474 745 2524 concordia:
788 2475 992 2538 civium,
1025 2476 1174 2541 legato
1207 2478 1389 2525 Patrum
1427 2476 1485 2525 ad
