1582 2793
291 202 602 252 HtSTOR
660 203 887 250 ARUM
937 207 1064 252 LIB.
1109 209 1170 253 11.
1286 224 1364 254 ιη

77 312 186 360 dent
216 311 407 359 militum
434 311 587 359 animi.
627 310 748 357 Tum
781 312 913 370 duci,
946 325 1043 359 tum
1070 328 1258 378 propter
1284 317 1371 362 du-

79 401 178 432 cem
201 385 404 433 Patribus
426 401 610 448 quoque
639 384 862 446 placatior
887 388 1110 433 exercitus
1130 390 1289 444 rediit3
1313 391 1372 435 fi-

77 459 126 506 bi
155 471 417 523 parentem,
447 458 577 504 alteri
609 457 831 504 exercitui
865 458 1104 506 dominum
1134 461 1286 508 datum
1316 466 1373 508 ab

77 533 257 592 senatu,
283 548 552 579 memorans.
589 532 727 578 Varia
748 531 935 579 fortuna
953 532 1087 590 belli,
1114 536 1257 581 atroci
1284 537 1372 581 dis-

77 607 235 654 cordia
273 606 399 654 domi
432 605 631 667 forisque
670 623 840 653 annum
884 607 1119 664 exailum,
1155 608 1370 671 insignem

78 680 273 728 maxime
302 678 485 727 comitia
516 679 682 726 tributa
706 679 931 727 efficiunt:
961 696 1031 727 res
1060 678 1207 741 maj0r
1228 682 1372 728 viclo-

77 754 142 800 ria
172 753 359 817 suscepti
385 754 670 811 certaminis,
697 772 831 817 quam
858 754 969 812 usu3
998 754 1097 818 plus
1127 755 1246 802 enirn
1275 756 1373 818 dig·-

78 828 230 874 nitatis
252 827 448 875 comitiis
466 827 568 890 ipsis
589 828 833 874 detractum
853 827 941 886 est,
955 828 1158 875 Patribus
1180 845 1237 874 ex
1259 846 1372 875 con-

81 900 189 948 cilio
210 900 534 948 submovendis
550 937 564 958 ,
585 917 721 963 quam
741 900 910 948 virium
932 911 1010 947 aut
1026 900 1149 965 plebi
1172 901 1376 948 additum

79 974 142 1022 est
155 1011 168 1032 ,
190 987 266 1021 aut
286 975 485 1021 demtum
504 974 723 1021 Patribus.

144 1049 260 1094 LXI.
300 1047 630 1095 Turbulentior
663 1046 768 1092 inde
797 1063 940 1094 annus
973 1045 1182 1109 excepit,
1203 1047 1252 1094 L.
1281 1047 1371 1093 Va-

78 1121 195 1168 lerio
261 1121 452 1170 Tiberio
486 1121 674 1168 AEmilio
712 1121 1008 1179 consulibus,
1046 1137 1148 1168 cum
1184 1133 1372 1184 propter

79 1157 324 1241 certaffiina
347 1193 571 1241 ordinum
604 1195 658 1241 de
688 1195 785 1259 lege
818 1195 1022 1259 agraria,
1053 1208 1151 1242 tum
1185 1208 1374 1259 propter

15 1334 17 1336 ι
76 1267 298 1332 judicium
318 1271 401 1333 Ap.
421 1270 631 1317 Claudii:
661 1271 734 1318 cui
752 1307 766 1328 ,
787 1271 1008 1318 acerrimo
1032 1267 1290 1318 adversario
1312 1272 1374 1318 le-

79 1343 172 1408 gis,
194 1343 462 1408 causamque
492 1345 786 1409 possessorum
813 1346 984 1408 publici
1015 1346 1137 1409 agri,
1157 1359 1374 1409 tanquam

79 1417 219 1463 tertio
243 1416 451 1476 consuli,
474 1417 726 1475 sustinenti,
750 1418 814 1465 M.
835 1418 1022 1465 Duilius
1040 1420 1090 1466 &
1109 1420 1163 1465 C.
1183 1418 1374 1466 Sicinius

78 1490 197 1538 diem
221 1491 389 1539 dixere.
421 1492 670 1556 Nunquam
699 1504 802 1539 ante
826 1505 917 1539 tam
937 1491 1110 1538 invisus
1131 1493 1252 1555 plebi
1272 1509 1375 1541 reus

78 1564 135 1612 ad
170 1562 391 1625 judicium
422 1578 613 1614 vocatus
646 1565 808 1628 populi
846 1565 938 1623 est,
970 1564 1130 1627 plenus
1161 1563 1337 1610 suarum
1357 1594 1375 1617 ‚

81 1639 243 1701 plenus
267 1650 552 1701 paternarum
574 1640 752 1688 irarum.
784 1640 933 1686 Patres
962 1655 1148 1703 quoque
1179 1655 1275 1686 non
1302 1651 1373 1685 te-

79 1726 203 1757 mere
232 1726 319 1773 pro
352 1712 448 1758 ullo
486 1729 611 1776 aeque
649 1711 788 1758 annisi
820 1711 952 1758 sunt:
984 1723 1373 1774 propugnatorem

81 1785 257 1831 senatus
272 1819 285 1843 ‚
304 1783 630 1849 majestatisque
649 1784 879 1833 vindicem
899 1783 988 1831 suae
1005 1819 1019 1843 ,
1038 1785 1093 1831 ad
1111 1801 1271 1832 omnes
1291 1784 1375 1831 tri-

80 1857 294 1906 bunicios
313 1858 604 1924 plebejosque
630 1859 891 1923 oppositum
915 1857 1135 1905 tumultus
1149 1894 1162 1916 ,
1183 1858 1375 1905 modum

80 1933 315 1980 dumtaxat
344 1933 392 1980 in
425 1933 667 1981 certamine
699 1932 914 1997 egreffum
931 1967 945 1987 ‚
967 1930 1092 1977 iratae
1120 1929 1260 1993 objici
1282 1930 1376 1993 ple-

81 2006 144 2054 bi.
187 2009 316 2054 Unus
342 2023 366 2054 e
400 2008 602 2055 Patribus
620 2045 633 2066 ‚
656 2006 744 2070 ipse
769 2009 855 2070 Ap.
878 2005 1095 2052 Claudius
1114 2040 1127 2061 ‚
1146 2006 1200 2052 &
1229 2004 1379 2052 tribu·-

80 2095 168 2127 nos
185 2115 199 2137 ‚
216 2080 267 2127 &
299 2081 504 2143 plebem,
525 2083 575 2129 &
603 2081 729 2127 suum
754 2078 971 2141 judicium
1007 2095 1093 2141 pro
1122 2076 1268 2124 nihilo
1298 2078 1375 2124 ha-

78 2153 228 2202 bebat.
272 2154 405 2202 Illum
442 2172 537 2202 non
566 2155 700 2202 minae
732 2153 904 2217 plebis,
936 2169 1031 2199 non
1065 2151 1239 2198 senatus
1270 2167 1376 2213 pre-

80 2241 155 2272 ces
182 2226 431 2289 perpellere
459 2243 660 2291 unquam
691 2237 909 2289 potuere,
930 2240 1025 2270 non
1053 2224 1196 2271 modo
1225 2241 1273 2270 ut
1295 2240 1374 2270 ve-

79 2299 191 2347 stem
221 2313 445 2359 mutaret,
467 2313 544 2348 aut
572 2300 759 2363 supplex
787 2299 1014 2363 prensaret
1041 2298 1276 2351 homines;
1302 2296 1376 2344 scd

79 2389 139 2418 ne
163 2384 214 2419 ut
232 2389 289 2419 ex
308 2373 521 2420 consueta
541 2374 725 2438 quidem
747 2373 977 2436 asperitate
999 2372 1222 2419 orationis
1236 2405 1249 2428 ,
1271 2387 1376 2418 cum

84 2446 139 2491 ad
169 2446 395 2509 populum
427 2449 599 2512 agenda
629 2448 757 2496 causa
784 2448 916 2504 esset,
935 2447 1100 2510 aliquid
1126 2445 1283 2491 leniret
1305 2455 1377 2491 at·

83 2537 171 2584 que
202 2521 495 2571 submitteret.
533 2525 654 2573 Idem
686 2523 864 2573 habitus
890 2522 1012 2582 oris,
1033 2521 1186 2570 eadem
1213 2531 1378 2567 contu·
