1680 2803
530 201 576 243 V
624 197 653 241 Ι
702 196 742 241 T
782 197 843 240 A.
1234 197 1380 238 Χινῐῑ

42 316 44 318 ’
80 309 299 358 decorare
346 304 505 353 nititur
549 302 868 351 amantiffimus
910 299 1061 358 civis,
1104 300 1294 348 eandem
1338 300 1387 347 in

85 392 290 440 fraudem
320 386 600 436 induxisset?
639 387 800 449 Neque
835 399 950 431 vero
987 387 1211 445 Caligula,
1240 385 1386 444 infin-

74 479 159 539 fics
181 477 229 521 T.
255 476 368 520 Livii
384 474 549 519 nomini
570 473 828 531 Imperator,
847 470 967 514 illius
987 469 1191 529 imagines
1209 468 1388 530 (Tran-

88 556 219 622 quilli
244 555 384 603 verba
419 554 520 600 sunt
553 553 601 599 in
639 551 736 613 ejus
779 549 969 598 Caesaris
1002 547 1139 613 vita)
1173 555 1353 598 abolevit
1369 573 1389 608 ,-

75 642 161 702 fid
175 644 356 701 paulum
389 637 555 696 alfiis,
575 637 676 697 quin
692 636 864 703 statuas
882 633 925 680 G
930 635 1097 695 scripta
1125 635 1173 682 T.
1199 637 1315 681 Livii
1336 638 1390 681 ab

89 724 285 771 omnibus
319 723 573 767 bibliothecis
605 735 820 765 amoveret.
852 718 999 777 Quod
1020 716 1051 762 fi
1081 715 1179 764 illas
1209 717 1391 765 abolere

88 804 302 870 juffiffet,
334 818 620 866 nequaquam
656 800 827 863 probus
860 799 1101 847 historicus
1143 801 1393 865 Tranquil-
1446 850 1449 851 ⁷

91 888 164 936 lus
182 924 196 947 ,
214 887 293 952 qui
323 884 508 947 Trajani
533 885 584 931 ὃ(
612 883 829 930 Hadriani
861 883 944 930 PP.
973 885 1052 930 Im.
1085 896 1214 930 aetate
1242 885 1392 944 vixit,

93 973 146 1020 &
173 982 301 1017 extra
328 980 497 1015 metum
530 983 714 1013 ornnem
747 966 965 1031 Caligulae
994 965 1224 1014 historiam
1255 967 1392 1032 scrip-

90 1054 180 1116 fit,
208 1047 383 1099 dixiffet
402 1087 416 1110 ,
439 1055 618 1113 paulum
653 1050 819 1110 abfuit,
850 1052 949 1112 quin
967 1052 1136 1118 statuas
1163 1050 1205 1098 δ’
1227 1053 1394 1114 scripta

97 1140 151 1184 T.
171 1139 288 1184 Livii
310 1138 363 1181 ab
390 1137 582 1180 omnibus
616 1136 873 1180 bibliothecis
902 1152 1106 1181 amoveret
1122 1155 1142 1191 ,·
1169 1134 1271 1182 sed:
1308 1138 1397 1182 Titi

96 1223 214 1268 Livii
240 1221 470 1281 imagines,
491 1220 687 1280 Caligula
713 1219 960 1277 Imperatore
971 1217 1147 1276 jubente
1159 1254 1174 1278 ,
1195 1238 1282 1265 una
1303 1237 1396 1265 cum

82 1305 264 1365 seriptis
299 1301 388 1358 ejas
419 1303 586 1347 aboletae
608 1301 729 1361 fiant.

163 1410 452 1459 Credendum
468 1426 584 1459 vero
602 1409 686 1468 est,
700 1411 756 1457 T.
769 1408 888 1459 Livii
902 1409 1118 1474 imagines
1138 1427 1233 1457 non
1253 1410 1399 1472 secus‚‘

99 1510 155 1541 ac
183 1492 280 1539 illas
305 1492 558 1552 Caesarum,
587 1491 635 1539 in
664 1492 844 1540 honore
875 1510 928 1540 ac
951 1493 1101 1556 pretio
1124 1506 1219 1540 tum
1243 1493 1398 1555 fuifl'e,

101 1576 165 1623 ob
193 1573 573 1623 existimationem
603 1575 850 1633 summam,
877 1592 1014 1639 quam
1041 1575 1107 1622 illi
1136 1576 1299 1641 scripta
1323 1577 1399 1626 sua

101 1657 402 1707 conciliarant
440 1658 679 1723 singu-laria
714 1658 1050 1722 propemodum
1074 1695 1089 1717 ,
1123 1660 1173 1708 &
1207 1661 1398 1719 divina;

95 1730 300 1805 'indeque
334 1740 524 1800 fafihun,
545 1753 597 1788 ut
627 1758 717 1789 una
740 1741 918 1789 illarum
949 1742 995 1788 in
1023 1759 1182 1791 manus
1207 1744 1399 1793 Baffiani

90 1812 367 1884 devenerit,
400 1841 488 1889 qua
519 1823 710 1888 patriam
747 1823 868 1872 suam
899 1825 1056 1873 eximii
1091 1826 1200 1874 loco
1235 1845 1400 1876 mune-

103 1907 166 1956 ris
198 1906 459 1955 exornavit.
505 1909 635 1955 Hanc
667 1924 753 1955 nos
784 1907 853 1954 uti
878 1925 1033 1956 veram
1056 1910 1112 1956 T.
1133 1909 1253 1957 Livii
1285 1911 1402 1958 ima-

106 1990 256 2055 ginem
276 1989 437 2053 absque
455 1989 551 2036 ullo
572 1989 712 2038 dubio
730 2007 1012 2039 veneramur.
1034 1992 1262 2040 Nolumus
1280 1994 1403 2043 enim

105 2072 417 2138 antiquitatem
444 2071 563 2119 iliius
599 2071 647 2118 in
681 2072 866 2121 dubium
891 2091 1127 2129 revocare.

174 2184 235 2230 At
268 2181 388 2229 enim
415 2181 656 2246 imaginem
683 2181 893 2231 Patavini
924 2182 1043 2231 Livii
1074 2194 1235 2230 conata
1267 2182 1403 2231 fuerit.

110 2264 354 2332 antiquitas
380 2265 563 2313 abolere
579 2301 593 2324 ‚
613 2281 665 2312 ea
692 2282 740 2313 re
768 2265 949 2330 quidem
980 2278 1102 2314 certe
1129 2267 1277 2314 minus
1297 2266 1406 2314 ideo

111 2347 248 2395 nobis
268 2348 516 2395 dolendum
544 2347 606 2395 est
618 2383 631 2407 ,
653 2349 779 2413 quod
799 2348 1057 2398 redivivum
1079 2348 1207 2396 illum
1229 2349 1403 2396 intuea-

112 2447 216 2478 mur
239 2430 285 2477 in
309 2430 452 2478 altero
474 2431 695 2481 Patavino
725 2432 825 2480 cive
846 2432 981 2497 longe
1013 2432 1253 2480 clariffimo
1271 2464 1287 2487 ‚
1306 2437 1405 2481 Aa=

119 2517 235 2561 tortio
275 2514 531 2578 Qaaerengo,
573 2514 702 2579 cujus
745 2514 945 2580 scriptis,
978 2515 1193 2580 quamdiu
1236 2516 1417 2564 Latinae·
