1582 2793
231 146 855 195 HISTORIARUM
900 150 1133 196 L113.11.
1279 165 1368 213 137

67 273 162 316 nae,
182 255 250 319 jus
269 258 421 304 <latum
440 256 506 302 illi
524 255 731 321 potestati
748 273 762 312 ;
782 256 1031 320 plebisque,
1052 276 1144 305 non
1166 260 1368 319 Patrum,

67 333 278 379 tribunos
313 332 410 378 effe.
452 329 524 377 sed
553 332 666 378 adeo
696 329 863 377 infensa
895 343 988 376 emt
1023 350 1179 379 coorta
1212 335 1373 396 plebs,

68 418 121 453 ut
149 406 280 451 unius
300 422 437 468 poena
468 404 809 469 defungendum
839 403 945 450 effer.
971 404 1189 452 Patribus.
1222 408 1371 454 Rasti-

70 491 221 526 temnt
240 492 388 526 tamen
410 479 595 525 adversa
624 478 824 537 invidia,
846 478 1001 542 usique
1026 477 1152 536 sunt,
1179 498 1265 528 oua
1285 482 1372 527 suis

69 553 279 617 quisque,
302 570 389 617 qua
418 552 559 599 totius
587 551 761 598 ordinis
787 551 977 599 viribus.
1005 553 1073 600 Ac
1095 554 1243 616 primo
1274 568 1372 600 ten-

70 638 161 673 tata
191 643 260 674 res
298 625 387 681 est,
421 626 484 683 si,
521 626 744 690 dispositis
779 625 1047 684 clientibus,
1083 626 1375 673 absterrendo

69 699 270 763 singulos
305 715 329 746 a
367 699 646 746 coitionibus
680 698 1010 763 conciliisque,
1037 698 1241 760 disjicere
1279 716 1374 746 rem

70 773 263 836 poss'ent.
295 773 507 820 Univerfi
530 772 691 820 deinde
714 773 988 836 processere,
1011 772 1255 838 (quidquid
1278 785 1374 820 erat

71 849 250 894 Patrum
267 883 279 902 ‚
304 858 415 892 reos*
437 845 608 893 diceres
628 844 650 909 )
675 846 883 908 precibus
906 845 1084 909 plebem
1114 846 1372 910 exposcen-

71 932 140 968 tes
175 938 186 967 :
231 924 379 967 Unum
406 920 489 984 fibi
523 923 681 978 civem,
715 939 847 966 unum
878 921 1146 981 senatorem,
1207 943 1222 968 ι
1252 925 1377 968 inno-

74 1013 226 1043 centem
260 997 464 1056 absolvere
495 998 680 1051 nollent,
703 1014 783 1056 pro
817 1012 983 1042 nocente
1015 998 1232 1043 donarent.
1278 995 1375 1058 Ipse

75 1087 179 1117 cum
203 1069 273 1116 die
296 1068 412 1115 dicta
435 1084 530 1114 non
554 1067 716 1115 adesset
732 1104 746 1127 ‚
768 1068 1101 1131 perseveratum
1134 1069 1181 1115 in
1212 1071 1277 1116 ira
1298 1070 1376 1117 est.

73 1144 330 1191 Damnatus
353 1140 507 1189 absens
528 1142 573 1188 in
595 1140 790 1190 Volscos
818 1141 1066 1189 exsulatum
1088 1142 1224 1203 abiit,
1243 1143 1378 1190 mini-

75 1229 175 1264 tans
214 1215 401 1280 patriae,
432 1215 705 1279 hostilesque
739 1214 826 1276 jam
861 1228 956 1263 tum
987 1216 1166 1279 spiritus
1201 1234 1375 1282 gerens,

75 1291 353 1337 Venientem
382 1289 541 1337 Volsci
561 1289 754 1354 benigne
774 1306 1018 1354 excepere;
1050 1289 1379 1355 benigniusque

75 1363 124 1411 in
157 1364 249 1410 dies
281 1363 519 1422 colebant,
541 1380 635 1427 quo
660 1361 809 1425 major
832 1362 896 1409 ira
918 1362 964 1408 in
989 1362 1091 1410 suos
1118 1364 1344 1412 eminebat
1362 1401 1377 1423 ‚

78 1437 340 1500 crebraeque
371 1453 493 1484 nunc
518 1435 712 1500 querelae
728 1472 742 1494 ‚
759 1453 881 1483 nunc
903 1435 1037 1482 minae
1065 1437 1378 1501 percipieban-

80 1522 171 1558 tur.
217 1508 431 1573 Hospitio
475 1510 686 1558 utebatur
720 1509 833 1557 Attii
862 1510 1002 1557 Tulli.
1042 1513 1198 1574 Longe
1223 1510 1261 1559 is
1282 1522 1379 1559 tum

77 1585 289 1648 princeps
308 1583 464 1631 Volsci
496 1582 695 1631 nominis
725 1579 1186 1647 erathomanisque
1207 1584 1379 1648 semper

77 1657 280 1706 infestus.
316 1658 377 1705 ita
406 1675 508 1706 cum
532 1658 719 1705 alterum
741 1669 870 1705 vetus
891 1657 1047 1704 odium
1062 1695 1076 1717 ,
1095 1658 1284 1705 alterum
1313 1659 1379 1706 ira

78 1751 235 1782 recens
259 1733 505 1780 stimularet
525 1769 538 1791 ‚
572 1732 760 1780 consilia
797 1732 1042 1781 conferunt
1073 1733 1127 1780 de
1162 1735 1376 1781 Romano

80 1808 218 1855 bello,
255 1808 390 1854 Haud
409 1806 540 1854 facile
567 1806 833 1864 credebant,
856 1805 1034 1869 plebem
1063 1805 1182 1854 suam
1205 1806 1378 1870 impelli

79 1880 206 1944 poffe
227 1917 241 1939 ,
271 1894 323 1928 ut
356 1880 491 1927 toties
527 1879 768 1927 infeliciter
798 1892 967 1927 tentata
1004 1897 1123 1926 arma
1153 1893 1379 1942 caperent.

82 1955 240 2002 Multis
272 1955 384 2018 saepe
412 1955 537 2002 bellis
555 1991 567 2013 ,
591 1954 840 2018 pestilentia
869 1954 1097 2018 postremo
1130 1955 1278 2002 amissa
1307 1954 1381 2018 ju-

80 2043 272 2077 ventute
289 2067 300 2087 ‚
320 2030 484 2078 fraelos
505 2031 682 2095 spiritus
703 2031 813 2078 effe:
840 2043 932 2078 arte
959 2030 1178 2094 agendum
1201 2030 1247 2076 in
1267 2047 1380 2077 exo-

81 2103 175 2152 leto
204 2103 293 2166 jam
315 2103 535 2151 vetustate
564 2105 677 2152 odio
693 2141 708 2165 ,
730 2117 780 2152 ut
803 2104 976 2153 recenti
1001 2104 1149 2167 aliqua
1176 2103 1240 2151 ira
1269 2121 1379 2151 exa-

84 2177 376 2226 cerbarentur
409 2177 562 2225 animi.

179 2251 431 2299 XXXVI.
463 2251 578 2299 Ludi
613 2251 731 2299 forte
776 2268 833 2299 ex
865 2251 1188 2299 instauratione
1232 2250 1381 2314 magni

86 2325 248 2372 Romae
284 2326 569 2388 parab-antur.
617 2325 888 2372 instaurandi
928 2326 1027 2372 haec
1059 2325 1186 2372 causa
1222 2323 1380 2370 fuerat.

83 2394 219 2442 Ludis
238 2413 367 2442 mane
394 2396 571 2445 servum
599 2397 784 2461 quidam
815 2396 1147 2460 paterfamiliae,
1168 2396 1376 2441 nondum

84 2470 323 2519 commisso
344 2469 624 2535 spectaculo,
655 2471 736 2520 sub
768 2471 896 2519 furca
922 2468 1082 2518 caesum
1104 2469 1255 2516 medio
1274 2485 1379 2533 ege-
