1582 2793
289 151 1074 202 HISTOR1ARUML1B.
1114 152 1145 200 1.
1313 149 1371 212 63

76 262 250 323 cernit,
281 264 334 311 de
355 262 453 310 aliis
486 259 802 308 consulturum
831 258 872 305 se
900 275 1049 322 regem
1082 259 1166 307 esse
1192 259 1381 308 simulat.

74 338 258 400 Itaque,
287 353 366 400 per
387 335 563 398 aliquot
594 334 717 391 dies,
746 349 848 379 curn
877 329 964 392 jam
992 332 1246 394 exspirasset
1267 333 1380 378 Tar-

78 409 260 471 quinius
279 445 292 466 ‚
326 407 465 454 celata
494 417 670 461 morte,
690 421 770 467 per
796 402 989 467 speciem
1011 403 1168 451 alienae
1189 405 1381 469 fungen-

77 480 146 526 dae
180 480 294 529 vicis
332 479 428 525 suas
463 494 576 540 opes
612 475 825 525 firmavit.
870 489 967 523 tum
1011 477 1190 523 demum
1235 480 1382 541 palam

75 549 226 610 sanilo,
277 552 328 598 &
366 549 737 613 comploratione
781 549 828 596 in
862 549 982 613 regia
1028 562 1162 608 orta,
1201 552 1383 598 Servius

77 626 286 690 praesidio
306 624 442 672 firmo
465 623 667 671 munitus
683 661 696 683 ‚
716 625 886 688 primus
909 622 1071 685 injuss'u
1089 624 1277 687 populi,
1297 642 1384 672 vo·

78 699 252 745 luntate
273 698 458 745 Patrum
477 698 700 762 regnavit.
723 697 840 745 Anci
860 696 1014 755 liberi,
1029 696 1118 760 jam
1140 711 1237 744 tum
1259 715 1384 744 com-

78 773 308 837 prehensis
344 772 521 820 sceleris
558 771 772 818 ministris
794 809 808 831 ‚
844 785 894 818 ut
923 772 1084 819 vivere
1118 789 1299 836 regem,
1335 776 1387 821 &

79 858 225 893 tantas
253 845 338 892 effe
370 861 481 908 opes
501 844 647 894 Servii
678 845 941 893 nuntiatum
962 846 1050 905 est,
1080 846 1274 894 Suessam
1293 847 1386 894 Po-

78 920 261 968 metiam
291 920 544 967 exsulatum
570 921 730 968 ierant.

147 996 285 1042 XLII.
319 996 416 1042 Nec
436 995 525 1057 jam
553 995 749 1058 publicis
773 996 915 1060 magis
946 994 1150 1043 consiliis
1173 994 1388 1054 Servius,

79 1084 217 1131 quam
239 1068 427 1131 privatis
447 1104 460 1127 ,
486 1068 663 1115 munire
684 1085 809 1132 opes.
847 1070 898 1116 δε
919 1084 975 1114 ne
990 1104 1003 1127 ,
1034 1068 1177 1132 qualis
1192 1069 1309 1115 Anci
1331 1070 1389 1115 li·-

80 1140 243 1188 berum
275 1141 450 1187 animus
486 1141 700 1188 adversus
734 1141 1037 1205 Tarquinium
1075 1141 1252 1200 fuerat,
1287 1144 1389 1191 talis

80 1214 294 1263 adversus
327 1214 369 1261 se
390 1214 633 1278 Tarquinii
660 1214 855 1261 liberum
887 1214 1021 1273 esset,
1056 1215 1164 1262 duas
1183 1214 1295 1262 filias
1314 1215 1388 1278 ju-

80 1289 273 1339 venibus
293 1288 425 1352 regiis
442 1323 455 1345 ,
477 1287 623 1335 Lucio
643 1300 775 1350 atque
796 1286 960 1333 Arunti
980 1288 1268 1351 Tarquiniis,
1282 1289 1391 1351 jun-

82 1363 160 1427 git.
184 1363 282 1410 Nec
302 1361 426 1424 rupit
450 1373 600 1408 tamen
623 1360 704 1407 fati
724 1361 1025 1408 necessitatem
1046 1362 1253 1410 humanis
1274 1381 1391 1411 con-

82 1436 189 1483 siliis
205 1472 219 1494 ‚
251 1435 361 1499 quin
383 1434 557 1482 invidia
578 1434 706 1498 regni
728 1435 862 1481 etiam
885 1435 1003 1481 inter
1023 1435 1297 1484 domesticos
1320 1437 1395 1483 in-'

82 1510 169 1557 fida
199 1510 355 1557 omnia
383 1527 517 1573 atque
549 1509 709 1557 infesta
739 1509 919 1557 faceret.
950 1512 1300 1575 Peropportune
1333 1513 1391 1560 ad

81 1585 311 1651 praesentis
350 1585 551 1649 quietem
590 1584 725 1631 status
763 1583 933 1630 bellum
972 1601 1075 1631 cum
1120 1583 1390 1645 Veientibus

84 1658 204 1724 (jam
227 1660 347 1704 enim
376 1657 570 1704 inducite
590 1657 822 1718 exierant)
852 1656 1036 1720 aliisque
1055 1656 1252 1706 Etruscis
1274 1657 1390 1705 sum·

82 1745 194 1779 tum.
230 1735 277 1779 ln
305 1748 362 1778 eo
389 1731 511 1778 bello
534 1734 584 1780 δε
614 1730 761 1778 virtus
786 1732 836 1778 &
859 1729 1046 1777 fortuna
1077 1731 1243 1778 enituit
1267 1732 1387 1778 Tul-

82 1807 130 1853 lii
149 1825 160 1854 ε
195 1805 383 1868 fusoque
415 1805 588 1868 ingenti
609 1804 806 1850 hostium
827 1803 1029 1851 exercitu
1044 1840 1057 1863 ‚
1077 1804 1198 1851 haud
1224 1805 1390 1854 dubius

84 1898 163 1928 rex
178 1917 192 1940 ‚
221 1880 293 1926 seu
314 1881 496 1926 Patrum
515 1915 529 1936 ,
563 1879 637 1925 seu
657 1878 800 1941 plebis
822 1877 1000 1925 animos
1031 1878 1391 1941 periclitaretur,

83 1954 278 2001 Romam
306 1955 452 2000 rediit.
490 1952 857 2016 Aggrediturque
889 1951 992 1997 inde
1022 1951 1077 1997 ad
1099 1951 1219 2014 pacis
1253 1951 1391 2016 longe

86 2029 337 2076 maximum
360 2044 500 2090 opus:
532 2040 609 2085 ut,
643 2025 1032 2090 quemadmodum
1059 2025 1210 2070 Numa
1239 2023 1392 2071 divini

87 2104 244 2150 anilor
267 2100 379 2162 ¹juris
413 2099 560 2146 fuisset
576 2137 588 2159 ‚
613 2100 673 2146 ita
690 2099 901 2146 Servium
923 2098 1213 2146 conditorem
1241 2097 1393 2155 omnis

85 2175 133 2222 in
168 2176 354 2223 civitate
389 2173 658 2221 discriminis
696 2173 1033 2235 ordinumque,
1070 2172 1238 2236 quibus
1277 2165 1396 2220 inter

86 2252 248 2316 gradus
268 2249 501 2313 dignitatis
523 2247 816 2311 fortunaeque
839 2246 1009 2310 aliquid
1023 2246 1288 2303 interlucet,
1309 2262 1394 2308 po-

86 2324 190 2371 steri
226 2323 342 2370 fama
362 2322 544 2370 ferrent.
576 2321 775 2368 Censum
809 2321 930 2368 enim
956 2320 1149 2383 instit-uit
1167 2356 1181 2378 ‚
1214 2337 1309 2365 rem
1331 2319 1392 2365 sa-

86 2396 372 2444 luberrimam
393 2408 522 2442 tanto
542 2393 701 2442 futuro
734 2395 930 2458 imperio
950 2413 960 2441 :
992 2412 1046 2441 ex
1071 2412 1168 2458 quo
1189 2394 1294 2439 belli
1315 2411 1393 2455 pa-

84 2469 240 2535 cisque
267 2468 423 2515 munia
453 2485 552 2516 non
575 2469 751 2519 viritim
772 2506 787 2530 ,
815 2484 866 2517 ut
886 2482 989 2517 ante
1005 2505 1021 2530 ‚
1051 2469 1124 2515 led
1154 2483 1239 2530 pro
1262 2466 1392 2514 habi-
