1582 2793
210 162 275 215 '40
564 150 1132 201 T1T1L1v1‘1

209 251 426 316 proelium
458 252 556 305 fuit.¹
590 256 822 303 Romanus
851 258 1102 317 exsultans,
1135 258 1495 323 D1205‚inquit,‘

200 328 389 392 fratrum
424 333 617 376 manibus
650 335 745 383 dedi
764 350 780 380 :
815 337 974 378 tertium
1012 334 1140 393 caussa
1175 335 1269 378 belli
1303 334 1496 393 hujzcfie,

210 417 260 453 ut
285 402 505 448 Romanus
528 406 702 450 Albano
731 408 924 465 imperet,
960 409 1081 453 dabo.
1125 406 1240 451 Male
1268 404 1497 451 sustinenti

212 491 337 520 arma
355 474 548 537 gladium
570 476 758 538 superne
776 475 936 539 jugulo
957 476 1130 541 defigit:
1152 477 1374 540 jacentem
1394 478 1498 541 [μου

213 545 308 593 liat.
342 547 538 600 Romani
560 560 750 599 ovantes
779 565 830 594 ac
860 549 1126 610 gratulantes
1155 551 1395 597 Horatium
1423 567 1500 597 ac·-

215 619 421 681 cipiunt3
455 637 513 666 eo
541 620 711 682 majore
742 638 844 668 cum
878 621 1072 683 gaudio,
1106 639 1199 684 quo
1229 640 1372 686 prope
1401 640 1501 669 me-

215 703 311 738 tum
343 709 411 739 res
432 693 588 740 fuerat.
618 694 689 740 Ad
708 692 978 756 sepulturam
999 694 1102 741 inde
1122 695 1307 742 suorum
1334 713 1500 759 nequa-

218 784 358 830 quam
394 767 576 829 paribus
612 766 770 814 animis
801 779 1070 825 vertuntur;
1107 769 1275 833 quippe
1308 769 1502 832 imperio

218 840 349 892 alteri
381 839 526 898 audii,
560 839 684 886 alteri
725 839 912 887 ditionis
945 841 1103 888 alienae
1139 842 1253 889 faui.
1291 843 1505 905 Sepulcra

219 913 393 965 exstant
413 950 429 971 ,
465 929 560 977 quo
592 912 778 976 quisque
814 914 922 961 loco
954 916 1143 964 cecidit:
1175 917 1266 963 duo
1299 918 1505 963 Romana
1570 957 1577 964 .

217 1002 314 1034 uno
340 986 448 1038 loco
471 987 658 1049 propius
682 987 869 1045 Albam,
890 989 974 1035 tria
997 990 1170 1037 Albana
1192 991 1385 1042 Romam
1403 1007 1506 1043 ver-

219 1058 315 1115 sus;
342 1059 414 1105 sed
446 1059 650 1106 distantia
677 1059 792 1107 locis
810 1096 824 1119 ,
848 1062 899 1108 &
915 1075 965 1109 ut
987 1075 1230 1127 pugnatum
1252 1063 1329 1113 est.

289 1133 459 1183 XXVI.
492 1131 751 1195 Priusquam
789 1133 893 1180 inde
926 1135 1294 1198 digrederentur,
1325 1135 1507 1199 roganti

224 1208 407 1264 Metto,
446 1223 502 1252 ex
537 1205 706 1253 foedere
740 1206 830 1254 iilo
863 1208 972 1271 quid
1009 1208 1282 1272 imperaret,
1319 1208 1510 1271 imperat

226 1279 392 1325 Tullus
411 1315 423 1337 ‚
457 1278 519 1325 uti
552 1278 835 1340 juventutem
868 1280 915 1327 in
944 1281 1077 1328 armis
1103 1281 1294 1328 habeat:
1326 1279 1511 1331 usurum

226 1352 271 1405 se
306 1370 465 1407 eorum
493 1369 633 1415 opera
649 1389 664 1412 ,
694 1354 726 1400 fi
750 1354 918 1401 bellum
944 1373 1047 1402 cum
1080 1355 1346 1418 Veientibus
1376 1353 1512 1406 foretq

227 1426 291 1478 ita
319 1428 542 1474 exercitus
572 1427 675 1474 inde
708 1428 871 1476 domos
898 1429 1088 1476 abduffi.
1126 1429 1343 1493 Princeps¹
1364 1431 1513 1478 Hora-

230 1501 316 1548 tius
348 1501 464 1559 ibat,
494 1501 728 1564 trigemina
756 1501 897 1564 spolia
926 1520 1018 1566 prae
1048 1502 1090 1549 se
1117 1520 1287 1566 gerens.
1327 1502 1401 1550 cui
1439 1500 1515 1550 so-

231 1589 310 1621 ror
336 1573 493 1637 virgo,
521 1591 622 1636 quae
653 1574 868 1636 desponsa
899 1576 980 1622 uni
1015 1592 1070 1622 ex·
1092 1575 1304 1623 Curiatiis
1339 1574 1516 1632 fuerat,

232 1647 377 1695 obvia
403 1660 505 1693 ante
531 1659 709 1710 portam
728 1649 956 1710 Capenam
984 1648 1099 1695 fuit:
1128 1648 1406 1712 cognitoque
1440 1646 1517 1693 su-

234 1738 315 1787 per
335 1722 546 1768 humeros
569 1721 713 1770 fratris
741 1722 1059 1784 paludamento
1085 1722 1232 1784 sponsi
1249 1758 1264 1780 ‚
1294 1721 1421 1785 quod
1444 1721 1518 1783 ip·-

236 1795 280 1842 sa
310 1794 597 1853 confecerat,
634 1793 773 1842 solvit
807 1795 982 1853 crines,
1012 1796 1063 1845 &
1090 1794 1298 1841 flebiliter
1330 1793 1520 1845 nomine

237 1867 450 1930 sponsum
477 1878 710 1912 mortuum
744 1867 951 1929 appellat.
986 1869 1152 1914 Movet
1181 1865 1325 1914 feroci
1359 1864 1518 1926 juveni

238 1940 437 1990 animum
471 1940 774 2003 comploratio
813 1939 980 1987 sororis
1012 1940 1059 1986 in
1092 1940 1284 1987 vi&oria
1313 1938 1386 1985 sua
1415 1950 1519 1985 tan-2

240 2026 383 2076 toque
409 2014 572 2077 gaudio
601 2014 801 2076 publico.
839 2014 1000 2061 Stri&o
1020 2015 1169 2078 itaque
1193 2013 1373 2078 gladio,
1393 2011 1522 2063 simul

242 2088 396 2135 verbis
423 2088 656 2150 increpans
675 2124 690 2145 ,
716 2087 933 2150 transfigit
955 2088 1162 2150 puellam.
1194 2091 1286 2133 Abi
1310 2091 1406 2134 hinc
1431 2106 1520 2138 cum

247 2165 470 2216 immutare
498 2181 635 2207 armore
654 2163 923 2222 adsponfimz
940 2198 953 2217 ‚
980 2161 1156 2225 inquit,
1191 2165 1319 2211 oblita
1337 2162 1522 2221 flatrum

248 2254 500 2290 mortuorum
526 2239 719 2296 vivique,
749 2239 877 2281 oblita
905 2239 1066 2296 parriae.
1106 2240 1177 2281 Sic
1212 2253 1306 2293 eae,
1335 2254 1524 2297 quaecum

250 2327 324 2370 que
354 2311 550 2361 Romana
570 2310 722 2372 lugebit
738 2308 899 2366 hostem.
933 2310 1078 2352 Atrox
1103 2307 1245 2352 visum
1277 2307 1323 2353 id
1353 2306 1526 2354 facinus

252 2381 456 2437 Patribus
487 2381 721 2443 plebique:
754 2381 822 2425 sed
855 2398 1010 2427 recens
1043 2381 1248 2426 meritum
1284 2380 1401 2427 fauo
1439 2381 1526 2427 ob-

255 2452 405 2508 stabat.
441 2464 590 2508 tamen
610 2465 761 2516 raptus
791 2453 836 2498 in
853 2451 922 2521 jus
942 2453 997 2500 ad
1018 2469 1183 2517 regem.
1211 2454 1338 2511 Rex,
1360 2469 1414 2504 ne
1435 2451 1527 2517 ipse
