1582 2793
307 203 895 254 HisTontARUM
935 206 1057 250 Lm.
1098 206 1190 250 ιιι.
1310 204 1389 265 133

112 312 263 375 primo
285 310 503 359 concursu
533 309 680 372 pulsus
708 309 749 355 se
781 309 827 355 in
859 311 994 357 castra
1023 313 1202 374 recepit.
1249 329 1396 376 neque

111 384 146 431 is
173 383 271 432 finis
306 384 491 447 periculi
519 383 618 430 fuit.
667 400 860 446 namque
889 386 936 431 &
959 387 1166 446 proxima
1190 388 1321 433 nOEle
1345 389 1396 434 δε

110 456 292 519 postero
319 457 391 503 die
412 469 532 503 tanta
561 456 611 503 vi
646 455 782 502 castra
817 456 917 502 sunt
955 457 1227 505 circumsessa
1262 474 1394 523 atque

114 541 394 592 oppugnata,
408 540 459 575 ut
476 545 529 575 ne
551 528 734 575 nuntius
755 529 935 592 quidem
949 529 1052 576 inde
1069 531 1185 576 mitti
1199 533 1393 579 Romam

111 602 269 666 poffet.
307 604 519 660 Hernici,
552 604 603 649 &
634 602 746 650 male
781 614 1050 665 pugnatum,
1087 605 1136 651 ὃ(
1164 605 1393 652 consulem

111 676 451 740 exercitumque
483 676 706 731 obsideri,
741 675 1079 722 nuntiaverunt,
1124 687 1390 739 tantumque

110 761 328 797 terrorem
348 750 561 797 incussere
575 749 775 796 Patribus
790 785 805 808 ,
822 766 871 796 ut
889 750 1012 812 (quae
1033 749 1178 796 forma
1200 749 1392 797 senatus-

112 821 307 869 consulti
340 823 509 869 ultimae
526 821 696 885 semper
716 823 981 870 neceffitatis
1009 822 1159 869 habita
1179 822 1265 885 est)
1299 824 1392 868 Po-

109 895 272 943 stumio
296 896 421 943 alteri
451 895 687 942 consulum
719 895 952 959 negotium
984 896 1188 953 daretur,
1225 899 1394 942 Viderat

108 989 158 1015 ne
193 974 297 1032 quid
324 971 549 1032 respublica
574 973 804 1016 detrimenti
835 987 1002 1032 caperes.
1044 969 1192 1033 Ipsum
1225 969 1390 1017 consu-

109 1043 198 1090 lem
229 1045 388 1091 Romae
419 1060 598 1091 manere
632 1043 687 1090 ad
715 1044 1067 1092 conscribendos
1099 1061 1284 1103 omnes,
1313 1046 1391 1108 qui

110 1134 230 1164 arma
260 1118 373 1164 ferre
395 1117 596 1181 poffent,
631 1119 852 1180 optimum
874 1118 1019 1165 visum
1049 1118 1141 1175 est;
1169 1136 1256 1182 pro
1279 1136 1390 1166 con-

109 1188 198 1236 sule
216 1191 271 1237 T.
287 1191 554 1250 Quinffium
580 1189 774 1236 subfidio
799 1191 946 1238 castris
965 1209 1067 1237 cum
1091 1191 1246 1240 sociali
1265 1209 1391 1240 exet·-

110 1262 204 1309 citu
227 1263 358 1309 mitti.
397 1264 449 1309 ad
471 1280 572 1309 eum
596 1263 866 1325 explendum
895 1265 1066 1321 Latini,
1086 1266 1390 1330 Hernicique,

109 1338 160 1384 δέ
197 1337 383 1384 colonia
404 1338 589 1384 Antium
623 1337 726 1383 dare
756 1338 975 1397 Qt1inffio
1003 1337 1242 1386 subitarios
1268 1340 1391 1387 mili·-

107 1422 172 1457 tes
206 1409 296 1475 (ita
319 1423 412 1457 tum
438 1410 672 1473 repentina
692 1412 859 1458 auxilia
889 1412 1202 1477 appellabant)
1223 1413 1334 1475 jufli.

173 1483 231 1528 V,
263 1482 396 1528 Multi
426 1499 505 1545 per
536 1500 615 1530 eos
647 1484 739 1531 dies
766 1496 917 1530 motus
946 1485 1167 1548 multique
1198 1485 1390 1549 impetus

107 1555 216 1602 hinc
237 1567 370 1617 atque
401 1555 526 1603 illinc
554 1556 678 1613 faffi,
709 1557 812 1619 quia
831 1593 844 1615 ,
879 1556 1109 1620 superante
1133 1559 1390 1605 multitudi-

106 1644 190 1686 ne,
210 1628 358 1675 hostes
393 1645 570 1692 carpere
600 1630 886 1678 multifariam
915 1632 1036 1678 vires
1056 1632 1307 1691 Romanas,
1342 1645 1391 1680 ut

106 1717 205 1747 non
233 1700 482 1750 suffeCluras
512 1703 566 1749 ad
602 1704 782 1762 omnia,
804 1704 982 1768 aggreffi
1012 1703 1124 1751 sum.
1155 1704 1285 1751 fimul
1319 1723 1390 1753 ca·

106 1772 193 1822 stta
225 1777 632 1841 oppugnabantur,
664 1778 791 1824 simul
826 1796 926 1841 pars
956 1780 1177 1826 exercitus
1210 1781 1266 1827 ad
1301 1798 1390 1844 po-

108 1851 351 1913 pulandum
384 1869 540 1916 agrum
566 1853 823 1900 Romanum
854 1853 1003 1910 missa,
1034 1853 1282 1917 urbemque
1314 1855 1388 1917 ip-

106 1923 196 1970 sam
212 1959 224 1981 ,
247 1922 277 1971 fi
300 1941 389 1986 qua
417 1923 603 1971 fortuna
631 1924 754 1970 daret
771 1960 784 1982 ‚
806 1927 1077 1973 tentandam.
1108 1929 1156 1974 L.
1179 1926 1387 1975 Valerius

104 1995 159 2042 ad
187 1995 438 2056 praefidium
469 1996 590 2042 urbis
623 1996 822 2052 relietum
856 1999 1013 2046 consul
1047 1999 1302 2048 Postumius
1330 2002 1387 2049 ad

105 2068 318 2114 arcendas
339 2069 658 2131 populationes
692 2068 848 2117 finium
880 2072 1041 2119 missus.
1072 2073 1195 2119 Nihil
1230 2074 1386 2121 remis-

106 2141 202 2188 sum
241 2141 296 2188 ab
344 2141 433 2188 ulla
471 2156 596 2204 parte
637 2160 753 2190 curae
790 2158 865 2192 aut
907 2146 1088 2194 laboris.
1138 2148 1306 2212 vigiliae
1339 2149 1387 2197 in

105 2215 244 2273 urbe,
280 2214 487 2263 stationes
508 2230 607 2264 ante
645 2231 795 2281 portas
814 2256 830 2278 ,
856 2221 1140 2286 praesidi-aque
1172 2223 1216 2269 in
1249 2224 1390 2270 muris

105 2287 336 2349 disposita,
370 2291 446 2347 δέ,
474 2292 598 2353 quod
616 2292 785 2339 necesse
806 2307 899 2341 erat
927 2296 974 2341 in
1009 2308 1135 2342 tanto
1157 2296 1385 2354 tumultu,

103 2359 317 2422 justitium
347 2379 427 2424 per
453 2365 628 2428 aliquot
656 2367 748 2413 dies
766 2366 1002 2417 servatum.
1033 2369 1215 2416 Interim
1238 2370 1285 2415 in
1305 2387 1384 2416 ca·-

105 2433 200 2480 stris
220 2435 370 2483 Furius
395 2437 547 2484 consul
565 2474 577 2496 ‚
602 2457 705 2488 cum
726 2442 876 2504 primo
897 2443 1076 2507 quietus
1100 2442 1387 2490 obsidionem-

102 2507 247 2570 paffus
269 2509 400 2571 esset,
431 2511 479 2558 in
503 2512 737 2564 incautum
766 2516 941 2564 hostem
970 2517 1220 2564 decumana·
1242 2529 1377 2580 porta

1028 2591 1074 2635 M
1109 2609 1141 2651 4
