1680 2803
588 148 636 191 V
682 146 709 190 Ι
761 145 802 189 Τ
842 147 903 192 Α.
1284 156 1402 189 xxv

113 254 161 303 ὅ*
182 255 428 319 probatione
460 255 565 300 dicit
593 269 736 300 contra
775 257 1031 310 Varronem,
1064 254 1177 313 quoar
1202 253 1399 299 Lucerum

117 354 265 384 nomen
297 337 454 380 incertce
484 336 674 394 originis.
703 334 861 378 Fabius
891 334 1000 378 enirn
1027 333 1166 378 Piffor
1190 337 1404 395 antiquior

115 439 187 476 eo,
206 419 377 484 ostendit
392 420 445 465 ab
467 417 651 482 Historia
671 415 741 479 effe
766 417 949 474 Etrusca-e
975 418 1152 476 originis
1177 433 1295 476 atque
1316 435 1402 461 cer-

113 501 285 564 tiffimae.
316 500 478 561 Rursus
508 499 631 544 Livio
653 499 868 557 antiquior
898 494 939 543 ἕν’
966 496 1123 542 ἄοῖΐίον
1147 498 1279 540 Varro
1302 500 1348 540 in
1382 497 1404 538 Ι

112 582 163 625 de
189 583 238 626 L.
267 583 317 625 L.
340 580 446 624 dicit
473 575 547 640 effe
577 592 684 623 ccrtae
713 575 890 636 originis
916 593 944 621 a
974 577 1210 621 Lucumone
1236 576 1403 619 Luceres

109 661 243 708 dictos
255 696 273 718 ,
303 662 423 721 idque
448 661 600 720 probat
627 657 896 723 vetusttſjimis
918 657 1180 715 achon'hus,
1206 660 1336 706 Junio
1359 653 1402 702 ὃ*

110 745 337 790 Tolumnio
354 777 373 798 ,
408 742 669 802 Thuscarum
697 743 992 802 tragoea'iarum
1013 742 1214 803 scriptore
1239 742 1333 788 &c-

181 859 232 904 In
268 856 383 906 hanc
417 855 681 905 sententiam
723 855 925 905 canicula
964 854 1043 903 ista
1088 855 1250 904 latrans
1283 856 1398 903 alios

106 956 291 1005 quoque
319 938 488 987 multos
508 938 745 1004 perduxit,
767 940 817 988 &
843 939 929 987 hos
951 938 1069 985 inter
1101 941 1150 986 L.
1173 940 1390 987 Joannem

104 1023 330 1086 Scoppam
354 1022 759 1086 Parthenopaeum,
781 1022 859 1086 q'ui
886 1020 1285 1069 Collectaneorum
1315 1020 1392 1070 lib.

103 1105 123 1150 I
152 1120 249 1167 cap.
279 1105 430 1152 XVIII
450 1140 464 1165 ,
493 1107 684 1162 Eodem,
719 1103 893 1167 inquit,
921 1120 1094 1166 tempore
1121 1102 1164 1151 G·
1196 1107 1392 1150 Centurice

99 1201 180 1233 tres
216 1189 393 1247 equitum
428 1187 664 1249 conscriptae
687 1185 796 1247 fient
812 1221 827 1243 ,
854 1186 1079 1247 Romenses
1111 1203 1138 1231 a
1172 1188 1356 1233 Romulo
1376 1221 1391 1245 ,

99 1287 129 1316 a
155 1269 250 1314 Tito
276 1270 399 1317 Tatio
424 1270 623 1330 Titienses
651 1268 865 1333 appellati.-
902 1272 1101 1317 Lucerum
1130 1274 1318 1317 nominis
1343 1268 1388 1316 δ’

99 1351 279 1411 originis
304 1351 429 1411 causa
451 1354 603 1399 incerta
629 1354 692 1419 est.
735 1355 839 1401 Haec
864 1357 1039 1411 Livius,
1060 1373 1145 1400 non
1175 1357 1287 1416 quod
1302 1357 1386 1399 Lu-

98 1447 231 1476 cerum
264 1434 461 1493 originem
486 1434 722 1495 ignoraret,
739 1435 825 1494 sed
837 1437 1010 1495 perinde
1037 1454 1087 1481 ac
1117 1437 1271 1481 Gallus
1294 1436 1384 1495 Cis-

97 1515 269 1573 alpinus
285 1548 298 1570 ‚
326 1510 371 1558 G‘
396 1516 607 1574 Hetrusca?
631 1517 864 1577 Italicaeque
889 1519 1030 1578 gloriae
1056 1519 1250 1564 invidens
1279 1536 1379 1564 con·

83 1593 286 1658 scripsit,
319 1598 433 1655 quod
455 1598 677 1642 Antonius
710 1597 844 1659 Caesar
875 1600 921 1644 in
944 1597 1029 1658 fico
1059 1599 1280 1644 Itinerario
1314 1601 1380 1644 liis

93 1677 226 1722 verbis
256 1678 394 1740 arguit
413 1693 429 1722 :
474 1679 520 1722 V
517 1678 682 1723 olturna
700 1710 716 1737 ,
751 1676 873 1736 cujus
906 1681 1032 1725 claris
1065 1680 1184 1744 gestis
1220 1680 1381 1726 invidet

92 1753 256 1800 Livius.

161 1866 332 1914 Verum
365 1868 601 1918 enimvero
635 1870 889 1919 innituntur
915 1871 1214 1919 fundamento
1241 1871 1379 1918 debili

89 1946 293 1994 ειιξὶοτες
322 1947 422 2008 isti,
447 1952 498 1998 &
527 1951 558 1996 fi
586 1951 664 2015 qui
695 1953 793 1999 sunt
821 1953 923 2012 alii,
952 1953 1030 2017 qui
1056 1953 1258 2000 infistunt
1277 1956 1376 2000 An-

88 2027 240 2075 tonini
266 2029 401 2078 ἀὶξὶο.
436 2032 667 2097 Nusquam
695 2035 814 2082 enim
843 2052 892 2082 ea
918 2036 1058 2084 verba
1078 2036 1132 2083 de
1153 2035 1289 2083 Livio
1311 2035 1373 2082 le-

84 2128 187 2175 gere
218 2113 280 2160 est
311 2114 358 2160 in
391 2117 591 2179 genuino
610 2154 623 2177 ‚
651 2118 744 2166 five
773 2119 992 2179 Antonii,
1018 2119 1113 2168 fiv'e
1146 2118 1370 2167 Antonini

85 2191 300 2254 Caesaris,
324 2194 416 2243 five
443 2196 610 2245 AEthici
637 2199 869 2247 Itinerario
886 2237 900 2259 ‚
923 2200 1051 2265 quod
1077 2200 1246 2264 primus
1277 2198 1369 2255 edi-

83 2271 148 2318 dit
179 2275 313 2321 Jofias
349 2276 593 2339 Simlerus,
629 2298 740 2328 mox
778 2282 974 2346 antiquis
1007 2282 1076 2328 'ex
1112 2281 1366 2330 Codicibus

81 2354 280 2401 correxit
311 2357 360 2404 &
388 2358 545 2406 addito
565 2362 912 2411 Commentario
947 2364 1246 2429 locupletavit
1278 2364 1364 2409 Su-

78 2434 161 2482 rita
191 2437 635 2510 Caesaraugustanus:
664 2445 737 2493 sed
763 2462 820 2493 eo
841 2445 885 2492 in
909 2446 1142 2495 Itinerario
1164 2458 1364 2504 tantum,
