<?xml version="1.0" encoding="UTF-8"?>
<!DOCTYPE html PUBLIC "-//W3C//DTD XHTML 1.0 Transitional//EN"
    "http://www.w3.org/TR/xhtml1/DTD/xhtml1-transitional.dtd">
<html xmlns="http://www.w3.org/1999/xhtml" xml:lang="en" lang="en">
 <head>
  <title>
</title>
<meta http-equiv="Content-Type" content="text/html;charset=utf-8" />
  <meta name='ocr-system' content='tesseract 3.04.00' />
  <meta name='ocr-capabilities' content='ocr_page ocr_carea ocr_par ocr_line ocrx_word'/>
</head>
<body>
  <div class='ocr_page' id='page_1' title='image "./historiarumlibri01livyuoft_0375.png"; bbox 0 0 1582 2793; ppageno 0'>
   <div class='ocr_carea' id='block_1_1' title="bbox 295 141 1408 195">
    <p class='ocr_par' dir='ltr' id='par_1_1' title="bbox 295 141 1408 195">
     <span class='ocr_line' id='line_1_1' title="bbox 295 141 1408 195; baseline 0.002 -3"><span class='ocrx_word' id='word_1_1' title='bbox 295 141 895 192; x_wconf 72' lang='lat' dir='ltr'><strong>HISTORIARUM</strong></span> <span class='ocrx_word' id='word_1_2' title='bbox 936 146 1071 195; x_wconf 85' lang='lat' dir='ltr'><strong>LIB.</strong></span> <span class='ocrx_word' id='word_1_3' title='bbox 1116 147 1212 194; x_wconf 84' lang='lat'><em>111.</em></span> <span class='ocrx_word' id='word_1_4' title='bbox 1323 161 1408 194; x_wconf 84' lang='lat'>211</span> 
     </span>
    </p>
   </div>
   <div class='ocr_carea' id='block_1_2' title="bbox 119 251 1422 2451">
    <p class='ocr_par' dir='ltr' id='par_1_2' title="bbox 119 251 1422 2451">
     <span class='ocr_line' id='line_1_2' title="bbox 119 251 1418 320; baseline 0.001 -20"><span class='ocrx_word' id='word_1_5' title='bbox 119 253 343 319; x_wconf 79' lang='lat' dir='ltr'>quoniam</span> <span class='ocrx_word' id='word_1_6' title='bbox 365 270 509 317; x_wconf 87' lang='lat' dir='ltr'>neque</span> <span class='ocrx_word' id='word_1_7' title='bbox 528 252 759 312; x_wconf 57' lang='lat' dir='ltr'>Quineliae</span> <span class='ocrx_word' id='word_1_8' title='bbox 780 251 959 299; x_wconf 79' lang='lat' dir='ltr'>familiae</span> <span class='ocrx_word' id='word_1_9' title='bbox 985 254 1142 313; x_wconf 81' lang='lat' dir='ltr'>Caeso,</span> <span class='ocrx_word' id='word_1_10' title='bbox 1167 272 1312 320; x_wconf 88' lang='lat' dir='ltr'>neque</span> <span class='ocrx_word' id='word_1_11' title='bbox 1332 255 1418 302; x_wconf 91' lang='lat' dir='ltr'>rei-</span> 
     </span>
     <span class='ocr_line' id='line_1_3' title="bbox 120 324 1420 391; baseline 0.002 -17"><span class='ocrx_word' id='word_1_12' title='bbox 120 327 317 391; x_wconf 64' lang='lat' dir='ltr'>publicae</span> <span class='ocrx_word' id='word_1_13' title='bbox 355 327 578 372; x_wconf 80' lang='lat' dir='ltr'>maximus</span> <span class='ocrx_word' id='word_1_14' title='bbox 611 324 833 386; x_wconf 80' lang='lat' dir='ltr'>juvenum</span> <span class='ocrx_word' id='word_1_15' title='bbox 857 326 1026 373; x_wconf 83' lang='lat' dir='ltr'>restitui</span> <span class='ocrx_word' id='word_1_16' title='bbox 1054 330 1228 390; x_wconf 81' lang='lat' dir='ltr'>poffet,</span> <span class='ocrx_word' id='word_1_17' title='bbox 1261 328 1420 377; x_wconf 81' lang='lat' dir='ltr'>falsum</span> 
     </span>
     <span class='ocr_line' id='line_1_4' title="bbox 119 399 1420 464; baseline 0.002 -17"><span class='ocrx_word' id='word_1_18' title='bbox 119 401 303 459; x_wconf 82' lang='lat' dir='ltr'>testem,</span> <span class='ocrx_word' id='word_1_19' title='bbox 327 400 403 464; x_wconf 89' lang='lat' dir='ltr'>qui</span> <span class='ocrx_word' id='word_1_20' title='bbox 424 399 626 446; x_wconf 74' lang='lat' dir='ltr'>dicendae</span> <span class='ocrx_word' id='word_1_21' title='bbox 649 399 787 446; x_wconf 76' lang='lat' dir='ltr'>causae</span> <span class='ocrx_word' id='word_1_22' title='bbox 810 399 1006 447; x_wconf 82' lang='lat' dir='ltr'>innoxio</span> <span class='ocrx_word' id='word_1_23' title='bbox 1029 403 1295 463; x_wconf 84' lang='lat' dir='ltr'>potestatem</span> <span class='ocrx_word' id='word_1_24' title='bbox 1317 404 1420 450; x_wconf 80' lang='lat' dir='ltr'>ade-</span> 
     </span>
     <span class='ocr_line' id='line_1_5' title="bbox 120 472 1419 537; baseline 0.002 -17"><span class='ocrx_word' id='word_1_25' title='bbox 120 474 265 520; x_wconf 82' lang='lat' dir='ltr'>miffet</span> <span class='ocrx_word' id='word_1_26' title='bbox 280 510 293 532; x_wconf 89' lang='lat'>,</span> <span class='ocrx_word' id='word_1_27' title='bbox 321 472 440 535; x_wconf 78' lang='lat' dir='ltr'>justo</span> <span class='ocrx_word' id='word_1_28' title='bbox 461 490 512 519; x_wconf 88' lang='lat' dir='ltr'>ac</span> <span class='ocrx_word' id='word_1_29' title='bbox 536 472 616 536; x_wconf 86' lang='lat' dir='ltr'>pio</span> <span class='ocrx_word' id='word_1_30' title='bbox 640 473 763 519; x_wconf 88' lang='lat' dir='ltr'>bello</span> <span class='ocrx_word' id='word_1_31' title='bbox 784 473 1149 537; x_wconf 78' lang='lat' dir='ltr'>persequebatur.</span> <span class='ocrx_word' id='word_1_32' title='bbox 1182 478 1299 523; x_wconf 88' lang='lat' dir='ltr'>Cum</span> <span class='ocrx_word' id='word_1_33' title='bbox 1316 476 1419 523; x_wconf 77' lang='lat' dir='ltr'>Vir-</span> 
     </span>
     <span class='ocr_line' id='line_1_6' title="bbox 122 545 1421 612; baseline 0.002 -20"><span class='ocrx_word' id='word_1_34' title='bbox 122 547 270 611; x_wconf 80' lang='lat' dir='ltr'>ginius</span> <span class='ocrx_word' id='word_1_35' title='bbox 308 546 500 592; x_wconf 79' lang='lat' dir='ltr'>maxime</span> <span class='ocrx_word' id='word_1_36' title='bbox 536 548 585 593; x_wconf 85' lang='lat'>&amp;</span> <span class='ocrx_word' id='word_1_37' title='bbox 616 545 788 592; x_wconf 84' lang='lat' dir='ltr'>tribuni</span> <span class='ocrx_word' id='word_1_38' title='bbox 820 548 875 593; x_wconf 89' lang='lat' dir='ltr'>de</span> <span class='ocrx_word' id='word_1_39' title='bbox 903 547 1000 612; x_wconf 86' lang='lat' dir='ltr'>lege</span> <span class='ocrx_word' id='word_1_40' title='bbox 1033 561 1247 612; x_wconf 81' lang='lat' dir='ltr'>agerent,</span> <span class='ocrx_word' id='word_1_41' title='bbox 1280 550 1421 595; x_wconf 89' lang='lat' dir='ltr'>duum</span> 
     </span>
     <span class='ocr_line' id='line_1_7' title="bbox 122 618 1422 685; baseline 0.002 -21"><span class='ocrx_word' id='word_1_42' title='bbox 122 618 341 665; x_wconf 71' lang='lat' dir='ltr'>mensium</span> <span class='ocrx_word' id='word_1_43' title='bbox 377 618 567 681; x_wconf 79' lang='lat' dir='ltr'>spatium</span> <span class='ocrx_word' id='word_1_44' title='bbox 608 618 868 666; x_wconf 83' lang='lat' dir='ltr'>consulibus</span> <span class='ocrx_word' id='word_1_45' title='bbox 904 619 1060 666; x_wconf 89' lang='lat' dir='ltr'>datum</span> <span class='ocrx_word' id='word_1_46' title='bbox 1096 620 1157 666; x_wconf 88' lang='lat' dir='ltr'>est</span> <span class='ocrx_word' id='word_1_47' title='bbox 1189 621 1244 668; x_wconf 90' lang='lat' dir='ltr'>ad</span> <span class='ocrx_word' id='word_1_48' title='bbox 1280 621 1422 685; x_wconf 86' lang='lat' dir='ltr'>inspi-</span> 
     </span>
     <span class='ocr_line' id='line_1_8' title="bbox 123 693 1422 758; baseline 0.001 -18"><span class='ocrx_word' id='word_1_49' title='bbox 123 694 331 741; x_wconf 80' lang='lat' dir='ltr'>ciendam</span> <span class='ocrx_word' id='word_1_50' title='bbox 369 693 543 756; x_wconf 82' lang='lat' dir='ltr'>legem:</span> <span class='ocrx_word' id='word_1_51' title='bbox 578 706 657 751; x_wconf 88' lang='lat' dir='ltr'>ut,</span> <span class='ocrx_word' id='word_1_52' title='bbox 696 710 798 740; x_wconf 90' lang='lat' dir='ltr'>cum</span> <span class='ocrx_word' id='word_1_53' title='bbox 837 693 1116 740; x_wconf 77' lang='lat' dir='ltr'>edocuissent</span> <span class='ocrx_word' id='word_1_54' title='bbox 1157 694 1381 758; x_wconf 88' lang='lat' dir='ltr'>populum</span> <span class='ocrx_word' id='word_1_55' title='bbox 1405 731 1422 754; x_wconf 85' lang='lat'>,</span> 
     </span>
     <span class='ocr_line' id='line_1_9' title="bbox 123 765 1421 831; baseline 0 -18"><span class='ocrx_word' id='word_1_56' title='bbox 123 768 235 831; x_wconf 87' lang='lat' dir='ltr'>quid</span> <span class='ocrx_word' id='word_1_57' title='bbox 262 766 425 813; x_wconf 82' lang='lat' dir='ltr'>fraudis</span> <span class='ocrx_word' id='word_1_58' title='bbox 458 766 654 813; x_wconf 79' lang='lat' dir='ltr'>occultae</span> <span class='ocrx_word' id='word_1_59' title='bbox 685 765 904 825; x_wconf 81' lang='lat' dir='ltr'>ferretur,</span> <span class='ocrx_word' id='word_1_60' title='bbox 927 766 1121 813; x_wconf 76' lang='lat' dir='ltr'>sinerent</span> <span class='ocrx_word' id='word_1_61' title='bbox 1147 767 1307 813; x_wconf 88' lang='lat' dir='ltr'>deinde</span> <span class='ocrx_word' id='word_1_62' title='bbox 1327 765 1421 813; x_wconf 91' lang='lat' dir='ltr'>suf-</span> 
     </span>
     <span class='ocr_line' id='line_1_10' title="bbox 123 838 1422 904; baseline -0.002 -16"><span class='ocrx_word' id='word_1_63' title='bbox 123 840 317 904; x_wconf 80' lang='lat' dir='ltr'>fragium</span> <span class='ocrx_word' id='word_1_64' title='bbox 351 839 478 885; x_wconf 81' lang='lat' dir='ltr'>inire.</span> <span class='ocrx_word' id='word_1_65' title='bbox 556 855 615 886; x_wconf 92' lang='lat' dir='ltr'>oc</span> <span class='ocrx_word' id='word_1_66' title='bbox 651 838 882 887; x_wconf 86' lang='lat' dir='ltr'>intervalli</span> <span class='ocrx_word' id='word_1_67' title='bbox 915 840 1066 885; x_wconf 85' lang='lat' dir='ltr'>datum</span> <span class='ocrx_word' id='word_1_68' title='bbox 1094 855 1163 887; x_wconf 84' lang='lat' dir='ltr'>res</span> <span class='ocrx_word' id='word_1_69' title='bbox 1194 840 1422 903; x_wconf 80' lang='lat' dir='ltr'>tranquil-</span> 
     </span>
     <span class='ocr_line' id='line_1_11' title="bbox 122 911 1421 976; baseline 0.001 -17"><span class='ocrx_word' id='word_1_70' title='bbox 122 912 187 960; x_wconf 85' lang='lat' dir='ltr'>las</span> <span class='ocrx_word' id='word_1_71' title='bbox 207 913 253 958; x_wconf 87' lang='lat' dir='ltr'>in</span> <span class='ocrx_word' id='word_1_72' title='bbox 277 912 386 958; x_wconf 89' lang='lat' dir='ltr'>urbe</span> <span class='ocrx_word' id='word_1_73' title='bbox 407 911 529 958; x_wconf 90' lang='lat' dir='ltr'>fecit.</span> <span class='ocrx_word' id='word_1_74' title='bbox 567 912 610 957; x_wconf 92' lang='lat' dir='ltr'>N</span> <span class='ocrx_word' id='word_1_75' title='bbox 614 928 664 958; x_wconf 90' lang='lat' dir='ltr'>ec</span> <span class='ocrx_word' id='word_1_76' title='bbox 683 911 940 957; x_wconf 82' lang='lat' dir='ltr'><strong>diuturnam</strong></span> <span class='ocrx_word' id='word_1_77' title='bbox 966 911 1162 974; x_wconf 89' lang='lat' dir='ltr'>quietem</span> <span class='ocrx_word' id='word_1_78' title='bbox 1183 913 1319 976; x_wconf 72' lang='lat' dir='ltr'>AEqui</span> <span class='ocrx_word' id='word_1_79' title='bbox 1340 914 1421 960; x_wconf 89' lang='lat' dir='ltr'>de-</span> 
     </span>
     <span class='ocr_line' id='line_1_12' title="bbox 122 839 1420 1049; baseline 0 -17"><span class='ocrx_word' id='word_1_80' title='bbox 122 985 307 1032; x_wconf 86' lang='lat' dir='ltr'>derunt:</span> <span class='ocrx_word' id='word_1_81' title='bbox 330 985 436 1048; x_wconf 91' lang='lat' dir='ltr'>qui,</span> <span class='ocrx_word' id='word_1_82' title='bbox 467 839 604 1047; x_wconf 58' lang='lat' dir='ltr'>ruzto</span> <span class='ocrx_word' id='word_1_83' title='bbox 626 983 825 1042; x_wconf 79' lang='lat' dir='ltr'>foedere,</span> <span class='ocrx_word' id='word_1_84' title='bbox 847 985 973 1047; x_wconf 86' lang='lat' dir='ltr'>quod</span> <span class='ocrx_word' id='word_1_85' title='bbox 1003 983 1139 1030; x_wconf 70' lang='lat' dir='ltr'>iCtum</span> <span class='ocrx_word' id='word_1_86' title='bbox 1167 998 1262 1031; x_wconf 85' lang='lat' dir='ltr'>erat</span> <span class='ocrx_word' id='word_1_87' title='bbox 1289 986 1420 1049; x_wconf 74' lang='lat' dir='ltr'>prio-</span> 
     </span>
     <span class='ocr_line' id='line_1_13' title="bbox 122 1059 1420 1122; baseline 0.004 -16"><span class='ocrx_word' id='word_1_88' title='bbox 122 1077 172 1106; x_wconf 92' lang='lat' dir='ltr'>re</span> <span class='ocrx_word' id='word_1_89' title='bbox 203 1077 325 1107; x_wconf 85' lang='lat' dir='ltr'>anno</span> <span class='ocrx_word' id='word_1_90' title='bbox 359 1074 463 1107; x_wconf 88' lang='lat' dir='ltr'>cum</span> <span class='ocrx_word' id='word_1_91' title='bbox 495 1059 716 1106; x_wconf 84' lang='lat' dir='ltr'>Romanis</span> <span class='ocrx_word' id='word_1_92' title='bbox 737 1094 751 1117; x_wconf 90' lang='lat'><strong><em>‚</em></strong></span> <span class='ocrx_word' id='word_1_93' title='bbox 786 1059 1028 1122; x_wconf 86' lang='lat' dir='ltr'>imperium</span> <span class='ocrx_word' id='word_1_94' title='bbox 1066 1059 1122 1106; x_wconf 83' lang='lat' dir='ltr'>ad</span> <span class='ocrx_word' id='word_1_95' title='bbox 1157 1063 1420 1112; x_wconf 81' lang='lat' dir='ltr'>Gracchum</span> 
     </span>
     <span class='ocr_line' id='line_1_14' title="bbox 120 1130 1422 1200; baseline 0.004 -20"><span class='ocrx_word' id='word_1_96' title='bbox 120 1133 340 1181; x_wconf 86' lang='lat' dir='ltr'>Cloelium</span> <span class='ocrx_word' id='word_1_97' title='bbox 371 1131 592 1178; x_wconf 85' lang='lat' dir='ltr'>deferunt.</span> <span class='ocrx_word' id='word_1_98' title='bbox 626 1132 662 1178; x_wconf 83' lang='lat' dir='ltr'>is</span> <span class='ocrx_word' id='word_1_99' title='bbox 688 1143 783 1178; x_wconf 88' lang='lat' dir='ltr'>tum</span> <span class='ocrx_word' id='word_1_100' title='bbox 804 1131 938 1195; x_wconf 84' lang='lat' dir='ltr'>longe</span> <span class='ocrx_word' id='word_1_101' title='bbox 957 1130 1167 1194; x_wconf 83' lang='lat' dir='ltr'>princeps</span> <span class='ocrx_word' id='word_1_102' title='bbox 1193 1133 1240 1180; x_wconf 89' lang='lat' dir='ltr'>in</span> <span class='ocrx_word' id='word_1_103' title='bbox 1261 1137 1422 1200; x_wconf 68' lang='lat' dir='ltr'>AEquis</span> 
     </span>
     <span class='ocr_line' id='line_1_15' title="bbox 124 1204 1422 1269; baseline 0.003 -16"><span class='ocrx_word' id='word_1_104' title='bbox 124 1218 232 1253; x_wconf 82' lang='lat' dir='ltr'>erat.</span> <span class='ocrx_word' id='word_1_105' title='bbox 274 1206 492 1253; x_wconf 86' lang='lat' dir='ltr'>Graccho</span> <span class='ocrx_word' id='word_1_106' title='bbox 524 1204 704 1251; x_wconf 85' lang='lat' dir='ltr'>ducein</span> <span class='ocrx_word' id='word_1_107' title='bbox 725 1205 1004 1252; x_wconf 85' lang='lat' dir='ltr'>Lavicanum</span> <span class='ocrx_word' id='word_1_108' title='bbox 1033 1223 1184 1269; x_wconf 86' lang='lat' dir='ltr'>agrum</span> <span class='ocrx_word' id='word_1_109' title='bbox 1202 1243 1217 1266; x_wconf 87' lang='lat'>‚</span> <span class='ocrx_word' id='word_1_110' title='bbox 1247 1208 1350 1257; x_wconf 87' lang='lat' dir='ltr'>inde</span> <span class='ocrx_word' id='word_1_111' title='bbox 1373 1210 1422 1257; x_wconf 88' lang='lat' dir='ltr'>in</span> 
     </span>
     <span class='ocr_line' id='line_1_16' title="bbox 121 1277 1421 1346; baseline 0.002 -19"><span class='ocrx_word' id='word_1_112' title='bbox 121 1280 431 1329; x_wconf 88' lang='lat' dir='ltr'>Tusculanum</span> <span class='ocrx_word' id='word_1_113' title='bbox 447 1314 460 1335; x_wconf 90' lang='lat'>,</span> <span class='ocrx_word' id='word_1_114' title='bbox 478 1277 630 1324; x_wconf 84' lang='lat' dir='ltr'>hostili</span> <span class='ocrx_word' id='word_1_115' title='bbox 652 1278 949 1341; x_wconf 80' lang='lat' dir='ltr'>populatione</span> <span class='ocrx_word' id='word_1_116' title='bbox 970 1279 1187 1337; x_wconf 83' lang='lat' dir='ltr'>veniunt,</span> <span class='ocrx_word' id='word_1_117' title='bbox 1207 1280 1421 1346; x_wconf 85' lang='lat' dir='ltr'>plenique</span> 
     </span>
     <span class='ocr_line' id='line_1_17' title="bbox 123 1350 1422 1417; baseline 0.003 -19"><span class='ocrx_word' id='word_1_118' title='bbox 123 1353 288 1417; x_wconf 79' lang='lat' dir='ltr'>praedae</span> <span class='ocrx_word' id='word_1_119' title='bbox 314 1353 360 1398; x_wconf 88' lang='lat' dir='ltr'>in</span> <span class='ocrx_word' id='word_1_120' title='bbox 388 1351 556 1416; x_wconf 87' lang='lat' dir='ltr'>Algido</span> <span class='ocrx_word' id='word_1_121' title='bbox 582 1350 721 1398; x_wconf 86' lang='lat' dir='ltr'>castra</span> <span class='ocrx_word' id='word_1_122' title='bbox 748 1351 920 1400; x_wconf 87' lang='lat' dir='ltr'>locant.</span> <span class='ocrx_word' id='word_1_123' title='bbox 950 1352 1001 1397; x_wconf 88' lang='lat' dir='ltr'>In</span> <span class='ocrx_word' id='word_1_124' title='bbox 1028 1368 1078 1397; x_wconf 91' lang='lat' dir='ltr'>ea</span> <span class='ocrx_word' id='word_1_125' title='bbox 1098 1353 1235 1398; x_wconf 85' lang='lat' dir='ltr'>castra</span> <span class='ocrx_word' id='word_1_126' title='bbox 1255 1355 1316 1414; x_wconf 80' lang='lat' dir='ltr'>Q.</span> <span class='ocrx_word' id='word_1_127' title='bbox 1340 1357 1422 1402; x_wconf 83' lang='lat' dir='ltr'>Fa-</span> 
     </span>
     <span class='ocr_line' id='line_1_18' title="bbox 124 1424 1421 1489; baseline 0.002 -15"><span class='ocrx_word' id='word_1_128' title='bbox 124 1428 248 1485; x_wconf 80' lang='lat' dir='ltr'>bius,</span> <span class='ocrx_word' id='word_1_129' title='bbox 267 1428 314 1473; x_wconf 85' lang='grc' dir='ltr'>Ρ.</span> <span class='ocrx_word' id='word_1_130' title='bbox 332 1426 606 1473; x_wconf 85' lang='lat' dir='ltr'>Volumnius</span> <span class='ocrx_word' id='word_1_131' title='bbox 620 1462 634 1485; x_wconf 90' lang='lat'>,</span> <span class='ocrx_word' id='word_1_132' title='bbox 650 1424 995 1480; x_wconf 80' lang='lat' dir='ltr'>A.Postumius,</span> <span class='ocrx_word' id='word_1_133' title='bbox 1013 1424 1145 1489; x_wconf 83' lang='lat' dir='ltr'>legati</span> <span class='ocrx_word' id='word_1_134' title='bbox 1166 1426 1222 1472; x_wconf 87' lang='lat' dir='ltr'>ab</span> <span class='ocrx_word' id='word_1_135' title='bbox 1242 1429 1388 1476; x_wconf 88' lang='lat' dir='ltr'>Roma</span> <span class='ocrx_word' id='word_1_136' title='bbox 1404 1464 1421 1489; x_wconf 87' lang='lat'><strong>,</strong></span> 
     </span>
     <span class='ocr_line' id='line_1_19' title="bbox 124 1498 1420 1566; baseline 0.002 -18"><span class='ocrx_word' id='word_1_137' title='bbox 124 1512 353 1548; x_wconf 87' lang='lat' dir='ltr'>venerunt</span> <span class='ocrx_word' id='word_1_138' title='bbox 368 1499 574 1564; x_wconf 86' lang='lat' dir='ltr'>questum</span> <span class='ocrx_word' id='word_1_139' title='bbox 595 1500 804 1562; x_wconf 75' lang='lat' dir='ltr'>injuria3‚</span> <span class='ocrx_word' id='word_1_140' title='bbox 823 1499 872 1547; x_wconf 87' lang='lat'>&amp;</span> <span class='ocrx_word' id='word_1_141' title='bbox 894 1515 949 1545; x_wconf 80' lang='lat' dir='ltr'>ex</span> <span class='ocrx_word' id='word_1_142' title='bbox 970 1498 1142 1546; x_wconf 86' lang='lat' dir='ltr'>foedere</span> <span class='ocrx_word' id='word_1_143' title='bbox 1164 1517 1231 1548; x_wconf 82' lang='lat' dir='ltr'>res</span> <span class='ocrx_word' id='word_1_144' title='bbox 1250 1504 1420 1566; x_wconf 85' lang='lat' dir='ltr'>repeti·</span> 
     </span>
     <span class='ocr_line' id='line_1_20' title="bbox 123 1574 1418 1637; baseline 0.002 -15"><span class='ocrx_word' id='word_1_145' title='bbox 123 1589 236 1622; x_wconf 86' lang='lat' dir='ltr'>tum.</span> <span class='ocrx_word' id='word_1_146' title='bbox 263 1591 342 1621; x_wconf 85' lang='lat' dir='ltr'>eos</span> <span class='ocrx_word' id='word_1_147' title='bbox 354 1575 608 1637; x_wconf 82' lang='lat' dir='ltr'>AEquorum</span> <span class='ocrx_word' id='word_1_148' title='bbox 630 1574 902 1636; x_wconf 85' lang='lat' dir='ltr'>imperator,</span> <span class='ocrx_word' id='word_1_149' title='bbox 917 1592 1004 1634; x_wconf 80' lang='lat' dir='ltr'>quae</span> <span class='ocrx_word' id='word_1_150' title='bbox 1018 1577 1223 1620; x_wconf 70' lang='lat' dir='ltr'>mandata</span> <span class='ocrx_word' id='word_1_151' title='bbox 1237 1578 1418 1624; x_wconf 75' lang='lat' dir='ltr'>habeant</span> 
     </span>
     <span class='ocr_line' id='line_1_21' title="bbox 123 1646 1416 1711; baseline 0.002 -16"><span class='ocrx_word' id='word_1_152' title='bbox 123 1650 341 1711; x_wconf 63' lang='lat' dir='ltr'>absfmatu</span> <span class='ocrx_word' id='word_1_153' title='bbox 363 1650 559 1693; x_wconf 71' lang='lat' dir='ltr'>Romano</span> <span class='ocrx_word' id='word_1_154' title='bbox 573 1684 587 1703; x_wconf 91' lang='lat'>‚</span> <span class='ocrx_word' id='word_1_155' title='bbox 614 1651 675 1693; x_wconf 77' lang='lat' dir='ltr'>ad</span> <span class='ocrx_word' id='word_1_156' title='bbox 688 1666 876 1708; x_wconf 80' lang='lat' dir='ltr'>quercum</span> <span class='ocrx_word' id='word_1_157' title='bbox 909 1646 1035 1707; x_wconf 83' lang='lat' dir='ltr'>jubet</span> <span class='ocrx_word' id='word_1_158' title='bbox 1071 1651 1225 1695; x_wconf 73' lang='lat' dir='ltr'>dicere:</span> <span class='ocrx_word' id='word_1_159' title='bbox 1248 1652 1300 1711; x_wconf 77' lang='lat' dir='ltr'><strong><em>fi</em></strong></span> <span class='ocrx_word' id='word_1_160' title='bbox 1325 1654 1416 1698; x_wconf 74' lang='lat' dir='ltr'>alia</span> 
     </span>
     <span class='ocr_line' id='line_1_22' title="bbox 123 1721 1420 1785; baseline 0.002 -17"><span class='ocrx_word' id='word_1_161' title='bbox 123 1725 290 1769; x_wconf 72' lang='lat' dir='ltr'>interim</span> <span class='ocrx_word' id='word_1_162' title='bbox 309 1722 510 1768; x_wconf 61' lang='lat' dir='ltr'>ac‘lurum.</span> <span class='ocrx_word' id='word_1_163' title='bbox 546 1738 738 1785; x_wconf 84' lang='lat' dir='ltr'>quercus</span> <span class='ocrx_word' id='word_1_164' title='bbox 762 1721 917 1784; x_wconf 84' lang='lat' dir='ltr'>ingens</span> <span class='ocrx_word' id='word_1_165' title='bbox 938 1721 1075 1767; x_wconf 87' lang='lat' dir='ltr'>arbor</span> <span class='ocrx_word' id='word_1_166' title='bbox 1094 1724 1311 1784; x_wconf 78' lang='lat' dir='ltr'>praetorio</span> <span class='ocrx_word' id='word_1_167' title='bbox 1333 1725 1420 1771; x_wconf 84' lang='lat' dir='ltr'>im-</span> 
     </span>
     <span class='ocr_line' id='line_1_23' title="bbox 123 1791 1415 1856; baseline 0.003 -15"><span class='ocrx_word' id='word_1_168' title='bbox 123 1795 356 1852; x_wconf 83' lang='lat' dir='ltr'>minebat,</span> <span class='ocrx_word' id='word_1_169' title='bbox 393 1792 518 1855; x_wconf 83' lang='lat' dir='ltr'>cujus</span> <span class='ocrx_word' id='word_1_170' title='bbox 550 1794 710 1840; x_wconf 85' lang='lat' dir='ltr'>umbra</span> <span class='ocrx_word' id='word_1_171' title='bbox 737 1809 880 1856; x_wconf 87' lang='lat' dir='ltr'>opaca</span> <span class='ocrx_word' id='word_1_172' title='bbox 909 1791 1028 1840; x_wconf 89' lang='lat' dir='ltr'>sedes</span> <span class='ocrx_word' id='word_1_173' title='bbox 1059 1806 1167 1843; x_wconf 86' lang='lat' dir='ltr'>erat.</span> <span class='ocrx_word' id='word_1_174' title='bbox 1202 1795 1322 1844; x_wconf 87' lang='lat' dir='ltr'>Tum</span> <span class='ocrx_word' id='word_1_175' title='bbox 1357 1815 1415 1845; x_wconf 83' lang='lat' dir='ltr'>ex</span> 
     </span>
     <span class='ocr_line' id='line_1_24' title="bbox 124 1867 1419 1935; baseline 0.004 -18"><span class='ocrx_word' id='word_1_176' title='bbox 124 1871 280 1935; x_wconf 83' lang='lat' dir='ltr'>legatis</span> <span class='ocrx_word' id='word_1_177' title='bbox 308 1887 425 1918; x_wconf 85' lang='lat' dir='ltr'>unus</span> <span class='ocrx_word' id='word_1_178' title='bbox 457 1868 638 1927; x_wconf 83' lang='lat' dir='ltr'>abiens,</span> <span class='ocrx_word' id='word_1_179' title='bbox 675 1867 717 1916; x_wconf 62' lang='grc' dir='ltr'>δ’</span> <span class='ocrx_word' id='word_1_180' title='bbox 741 1873 851 1926; x_wconf 59' lang='lat' dir='ltr'>haec,</span> <span class='ocrx_word' id='word_1_181' title='bbox 886 1868 1070 1934; x_wconf 87' lang='lat' dir='ltr'>inquit,</span> <span class='ocrx_word' id='word_1_182' title='bbox 1089 1873 1266 1932; x_wconf 71' lang='lat' dir='ltr'>sacrata</span> <span class='ocrx_word' id='word_1_183' title='bbox 1298 1893 1419 1935; x_wconf 79' lang='lat' dir='ltr'>quer·-</span> 
     </span>
     <span class='ocr_line' id='line_1_25' title="bbox 123 1943 1416 2008; baseline 0.001 -17"><span class='ocrx_word' id='word_1_184' title='bbox 123 1965 228 2003; x_wconf 82' lang='lat' dir='ltr'>cus,</span> <span class='ocrx_word' id='word_1_185' title='bbox 265 1943 308 1992; x_wconf 68' lang='lat' dir='ltr'>G·</span> <span class='ocrx_word' id='word_1_186' title='bbox 330 1946 540 2006; x_wconf 76' lang='lat' dir='ltr'>quidquid</span> <span class='ocrx_word' id='word_1_187' title='bbox 557 1947 748 1990; x_wconf 78' lang='lat' dir='ltr'>Deorum</span> <span class='ocrx_word' id='word_1_188' title='bbox 778 1944 831 2008; x_wconf 87' lang='lat' dir='ltr'>est</span> <span class='ocrx_word' id='word_1_189' title='bbox 849 1979 862 2001; x_wconf 87' lang='lat'>‚</span> <span class='ocrx_word' id='word_1_190' title='bbox 899 1947 1080 1990; x_wconf 78' lang='lat' dir='ltr'>audiam</span> <span class='ocrx_word' id='word_1_191' title='bbox 1102 1945 1250 2004; x_wconf 80' lang='lat' dir='ltr'>foedus</span> <span class='ocrx_word' id='word_1_192' title='bbox 1285 1966 1311 1992; x_wconf 84' lang='lat' dir='ltr'>a</span> <span class='ocrx_word' id='word_1_193' title='bbox 1342 1968 1416 1995; x_wconf 78' lang='lat' dir='ltr'>vo·</span> 
     </span>
     <span class='ocr_line' id='line_1_26' title="bbox 123 2014 1416 2087; baseline 0.001 -23"><span class='ocrx_word' id='word_1_194' title='bbox 123 2022 190 2067; x_wconf 77' lang='lat' dir='ltr'>bis</span> <span class='ocrx_word' id='word_1_195' title='bbox 222 2036 386 2081; x_wconf 78' lang='lat' dir='ltr'>ruptum</span> <span class='ocrx_word' id='word_1_196' title='bbox 406 2037 422 2064; x_wconf 93' lang='lat'>.·</span> <span class='ocrx_word' id='word_1_197' title='bbox 448 2020 669 2087; x_wconf 79' lang='lat' dir='ltr'>nostrisque</span> <span class='ocrx_word' id='word_1_198' title='bbox 691 2014 733 2062; x_wconf 66' lang='grc' dir='ltr'>δ’</span> <span class='ocrx_word' id='word_1_199' title='bbox 749 2036 860 2063; x_wconf 82' lang='lat' dir='ltr'>nunc</span> <span class='ocrx_word' id='word_1_200' title='bbox 877 2020 1046 2078; x_wconf 80' lang='lat' dir='ltr'>querelis</span> <span class='ocrx_word' id='word_1_201' title='bbox 1063 2019 1203 2085; x_wconf 69' lang='lat' dir='ltr'>aassnt</span> <span class='ocrx_word' id='word_1_202' title='bbox 1217 2055 1230 2076; x_wconf 92' lang='lat'>‚</span> <span class='ocrx_word' id='word_1_203' title='bbox 1253 2018 1296 2068; x_wconf 68' lang='grc' dir='ltr'>ὅ·</span> <span class='ocrx_word' id='word_1_204' title='bbox 1311 2041 1416 2070; x_wconf 79' lang='lat' dir='ltr'>mox</span> 
     </span>
     <span class='ocr_line' id='line_1_27' title="bbox 123 2091 1414 2156; baseline 0.002 -16"><span class='ocrx_word' id='word_1_205' title='bbox 123 2096 254 2140; x_wconf 76' lang='lat' dir='ltr'>armis</span> <span class='ocrx_word' id='word_1_206' title='bbox 270 2113 289 2149; x_wconf 91' lang='lat'><em>;</em></span> <span class='ocrx_word' id='word_1_207' title='bbox 319 2111 408 2139; x_wconf 82' lang='lat' dir='ltr'>cum</span> <span class='ocrx_word' id='word_1_208' title='bbox 429 2094 620 2138; x_wconf 80' lang='lat' dir='ltr'>Deorum</span> <span class='ocrx_word' id='word_1_209' title='bbox 653 2091 947 2152; x_wconf 74' lang='lat' dir='ltr'>hominumque</span> <span class='ocrx_word' id='word_1_210' title='bbox 963 2091 1103 2156; x_wconf 80' lang='lat' dir='ltr'>stmul</span> <span class='ocrx_word' id='word_1_211' title='bbox 1130 2094 1293 2139; x_wconf 70' lang='lat' dir='ltr'>violata</span> <span class='ocrx_word' id='word_1_212' title='bbox 1307 2096 1414 2152; x_wconf 82' lang='lat' dir='ltr'>jura</span> 
     </span>
     <span class='ocr_line' id='line_1_28' title="bbox 123 2158 1413 2230; baseline 0.002 -16"><span class='ocrx_word' id='word_1_213' title='bbox 123 2158 400 2230; x_wconf 52' lang='lat' dir='ltr'>essrfiquemur.</span> <span class='ocrx_word' id='word_1_214' title='bbox 432 2167 628 2213; x_wconf 85' lang='lat' dir='ltr'>Romam</span> <span class='ocrx_word' id='word_1_215' title='bbox 654 2177 704 2212; x_wconf 93' lang='lat' dir='ltr'>ut</span> <span class='ocrx_word' id='word_1_216' title='bbox 731 2165 902 2212; x_wconf 88' lang='lat' dir='ltr'>rediere</span> <span class='ocrx_word' id='word_1_217' title='bbox 929 2165 1090 2229; x_wconf 87' lang='lat' dir='ltr'>legati,</span> <span class='ocrx_word' id='word_1_218' title='bbox 1122 2167 1296 2216; x_wconf 83' lang='lat' dir='ltr'>senatus</span> <span class='ocrx_word' id='word_1_219' title='bbox 1326 2169 1413 2230; x_wconf 78' lang='lat' dir='ltr'>jus·</span> 
     </span>
     <span class='ocr_line' id='line_1_29' title="bbox 123 2240 1412 2306; baseline 0.001 -18"><span class='ocrx_word' id='word_1_220' title='bbox 123 2242 208 2298; x_wconf 85' lang='lat' dir='ltr'>fit,</span> <span class='ocrx_word' id='word_1_221' title='bbox 245 2240 432 2288; x_wconf 84' lang='lat' dir='ltr'>alterum</span> <span class='ocrx_word' id='word_1_222' title='bbox 458 2240 692 2289; x_wconf 89' lang='lat' dir='ltr'>consulem</span> <span class='ocrx_word' id='word_1_223' title='bbox 726 2251 889 2288; x_wconf 87' lang='lat' dir='ltr'>contra</span> <span class='ocrx_word' id='word_1_224' title='bbox 920 2241 1179 2290; x_wconf 71' lang='lat' dir='ltr'>Gracchum</span> <span class='ocrx_word' id='word_1_225' title='bbox 1212 2243 1258 2290; x_wconf 87' lang='lat' dir='ltr'>in</span> <span class='ocrx_word' id='word_1_226' title='bbox 1287 2245 1412 2306; x_wconf 80' lang='lat' dir='ltr'>Algi-</span> 
     </span>
     <span class='ocr_line' id='line_1_30' title="bbox 125 2313 1413 2377; baseline 0.002 -17"><span class='ocrx_word' id='word_1_227' title='bbox 125 2314 231 2361; x_wconf 85' lang='lat' dir='ltr'>dum</span> <span class='ocrx_word' id='word_1_228' title='bbox 252 2314 498 2361; x_wconf 84' lang='lat' dir='ltr'>exercitum</span> <span class='ocrx_word' id='word_1_229' title='bbox 518 2315 682 2360; x_wconf 87' lang='lat' dir='ltr'>ducere</span> <span class='ocrx_word' id='word_1_230' title='bbox 701 2330 712 2360; x_wconf 88' lang='lat'>:</span> <span class='ocrx_word' id='word_1_231' title='bbox 741 2313 867 2360; x_wconf 89' lang='lat' dir='ltr'>alteri</span> <span class='ocrx_word' id='word_1_232' title='bbox 889 2315 1234 2377; x_wconf 82' lang='lat' dir='ltr'>populationem</span> <span class='ocrx_word' id='word_1_233' title='bbox 1253 2314 1413 2363; x_wconf 81' lang='lat' dir='ltr'>finium</span> 
     </span>
     <span class='ocr_line' id='line_1_31' title="bbox 125 2387 1413 2451; baseline 0.003 -18"><span class='ocrx_word' id='word_1_234' title='bbox 125 2388 380 2450; x_wconf 87' lang='lat' dir='ltr'>AEquorum</span> <span class='ocrx_word' id='word_1_235' title='bbox 421 2387 708 2451; x_wconf 84' lang='lat' dir='ltr'>provinciam</span> <span class='ocrx_word' id='word_1_236' title='bbox 745 2389 878 2435; x_wconf 86' lang='lat' dir='ltr'>dedit.</span> <span class='ocrx_word' id='word_1_237' title='bbox 926 2388 1121 2435; x_wconf 83' lang='lat' dir='ltr'>Tribuni</span> <span class='ocrx_word' id='word_1_238' title='bbox 1163 2389 1244 2435; x_wconf 87' lang='lat' dir='ltr'>suo</span> <span class='ocrx_word' id='word_1_239' title='bbox 1283 2407 1413 2437; x_wconf 85' lang='lat' dir='ltr'>more</span> 
     </span>
    </p>
   </div>
   <div class='ocr_carea' id='block_1_3' title="bbox 125 2460 1412 2580">
    <p class='ocr_par' dir='ltr' id='par_1_3' title="bbox 125 2460 1412 2580">
     <span class='ocr_line' id='line_1_32' title="bbox 125 2460 1412 2524; baseline 0.005 -20"><span class='ocrx_word' id='word_1_240' title='bbox 125 2460 342 2524; x_wconf 73' lang='lat' dir='ltr'>impedire</span> <span class='ocrx_word' id='word_1_241' title='bbox 381 2462 614 2510; x_wconf 63' lang='lat' dir='ltr'>deleRum.</span> <span class='ocrx_word' id='word_1_242' title='bbox 667 2463 719 2512; x_wconf 88' lang='lat'>&amp;</span> <span class='ocrx_word' id='word_1_243' title='bbox 754 2461 940 2509; x_wconf 78' lang='lat' dir='ltr'>forsitan</span> <span class='ocrx_word' id='word_1_244' title='bbox 980 2461 1034 2507; x_wconf 90' lang='lat' dir='ltr'>ad</span> <span class='ocrx_word' id='word_1_245' title='bbox 1073 2462 1281 2508; x_wconf 81' lang='lat' dir='ltr'>ultimum</span> <span class='ocrx_word' id='word_1_246' title='bbox 1324 2462 1412 2510; x_wconf 86' lang='lat' dir='ltr'>im-</span> 
     </span>
     <span class='ocr_line' id='line_1_33' title="bbox 1004 2535 1116 2580; baseline 0.009 -1"><span class='ocrx_word' id='word_1_247' title='bbox 1004 2535 1050 2579; x_wconf 86' lang='lat' dir='ltr'><em>O</em></span> <span class='ocrx_word' id='word_1_248' title='bbox 1089 2551 1116 2580; x_wconf 71' lang='grc' dir='ltr'><strong><em>ι</em></strong></span> 
     </span>
    </p>
   </div>
  </div>
 </body>
</html>
