1582 2793
206 168 291 216 188
548 168 1102 216 TITILIVII

196 275 326 322 lubra
351 275 551 339 implent.
582 276 725 324 stratae
755 277 905 339 passim
938 291 1097 325 matres
1115 314 1128 334 ,
1151 277 1349 324 crinibus
1368 289 1478 325 tem-

197 349 272 411 pla
302 362 561 407 verrentes,
594 350 775 396 veniam
810 351 974 398 irarum
1007 350 1256 398 coelestium
1275 385 1288 408 ,
1316 349 1478 398 finem-

197 437 286 485 que
312 421 420 484 pesti
454 421 718 484 exposcunt.

262 498 375 542 VIII.
407 496 511 541 Inde
541 494 778 557 paulatim,
808 493 881 540 seu
904 511 1010 557 pace
1035 497 1188 543 Deum
1220 495 1480 558 impetrata,

200 564 275 612 seu
311 569 518 629 graviore
550 580 754 629 tempore
789 567 895 613 anni
934 567 1022 627 jam
1061 569 1365 625 circumaffio,
1402 569 1480 614 de-

199 637 349 685 funsta
366 641 535 686 morbis
554 656 747 702 corpora
764 639 1010 687 salubriora
1030 641 1113 687 effe
1131 641 1352 703 incipere:
1376 658 1483 688 ver-

198 711 341 775 sisque
369 713 525 759 animis
552 712 637 773 jam
658 713 712 759 ad
733 712 957 773 publicam
983 730 1133 759 curam
1151 749 1164 771 ‚
1186 731 1285 760 cum
1306 714 1483 777 aliquot

198 783 454 849 interregna
472 786 678 844 exissent,
699 788 744 832 P.
760 786 963 833 Valerius
979 787 1208 834 Publicola
1229 787 1363 835 tertio
1387 787 1456 834 die
1469 824 1488 847 ,

201 874 336 921 quam
368 859 673 922 interregnum
707 859 864 905 inierat
884 895 898 915 ‚
929 859 1133 906 consules
1170 872 1288 907 creat
1316 862 1363 907 L.
1397 862 1486 906 Lu·-

203 930 394 977 cretium
421 931 742 993 Tricipitinum
778 933 828 979 &
857 933 912 979 Τ.
939 935 1177 980 Veturium
1208 933 1485 990 Geminum3

203 1004 297 1052 sive
321 1004 394 1051 ille
415 1006 620 1052 Vetusius
640 1005 737 1051 fuit.
775 1007 892 1052 Ante
913 1006 1028 1052 diem
1056 1007 1238 1053 tertium
1257 1007 1357 1053 Idus
1379 1009 1487 1052 Sex-

202 1075 306 1122 tiles
327 1075 609 1123 consulatum
642 1077 825 1134 ineunt,
847 1077 935 1139 jam
969 1078 1068 1125 satis
1102 1078 1253 1125 valida
1276 1077 1488 1133 civitate,

205 1160 256 1195 ut
277 1166 371 1196 non
390 1149 534 1196 solum
555 1167 707 1198 arcere
734 1150 925 1210 bellum,
958 1151 1029 1198 sed
1050 1152 1170 1198 ultro
1197 1151 1330 1197 etiam
1351 1149 1490 1196 infer-

208 1238 256 1268 re
273 1221 426 1284 posset.
456 1223 592 1285 Igitur
609 1223 918 1270 nuntiantibus
936 1223 1142 1271 Hernicis
1158 1259 1170 1281 ‚
1191 1223 1237 1269 in
1254 1221 1364 1269 fines
1385 1222 1489 1270 suos

209 1293 517 1342 transcendisse
544 1296 692 1343 hostes
709 1332 724 1355 ,
748 1296 935 1360 impigre
955 1296 1218 1360 promissum
1254 1295 1488 1341 auxilium.

207 1369 302 1415 cluo
337 1369 592 1416 consulares
622 1369 846 1417 exercitus
881 1369 1045 1432 scripti.
1090 1368 1305 1415 Veturius
1342 1367 1491 1414 missus

207 1442 258 1489 in
282 1443 476 1491 Volscos
500 1443 555 1491 ad
579 1444 745 1491 bellum
773 1444 893 1491 ultro
919 1443 1217 1491 inferendum.
1254 1442 1492 1505 Tricipiti-

209 1533 326 1575 nus,
359 1517 734 1580 populationibus
765 1517 966 1566 arcendis
997 1516 1227 1563 sociorum
1257 1531 1365 1578 agro
1401 1531 1491 1576 op·-

210 1591 411 1653 pofims,
441 1609 538 1639 non
566 1592 680 1639 ultra
700 1630 714 1650 ,
748 1610 881 1657 quam
910 1593 957 1640 in
987 1591 1237 1648 Hernicos,
1269 1590 1492 1653 procedit.

213 1666 428 1712 Veturius
448 1666 597 1728 primo
616 1666 783 1728 proelio
803 1665 952 1712 hostes
983 1663 1131 1711 fundit
1154 1663 1380 1728 fugatque.
1406 1664 1491 1708 Lu-

212 1737 403 1784 cretium
419 1774 432 1797 ‚
464 1737 570 1785 dum
588 1737 635 1783 in
651 1737 858 1784 Hernicis
877 1737 995 1784 sedet
1011 1774 1025 1796 ‚
1050 1737 1317 1799 praedonum
1339 1750 1497 1799 agmen

213 1810 404 1870 fefellit,
435 1811 564 1875 supra
597 1824 776 1857 montes
810 1810 1106 1857 Praenestinos
1142 1808 1352 1865 ductum,
1392 1807 1514 1853 inde'

213 1884 446 1931 demissum
469 1885 514 1931 in
532 1901 730 1947 campos.
762 1884 1008 1931 Vastavere
1027 1899 1156 1948 agros
1176 1881 1497 1929 Praenestinum

218 1956 563 2021 Gabinumque:
584 1973 639 2003 ex
652 1956 836 2004 Gabino
856 1956 901 2003 in
917 1955 1203 2004 Tusculanos
1219 1955 1384 2001 flexere
1404 1953 1499 2002 col·

219 2028 298 2076 les.
336 2031 436 2077 urbi
480 2047 663 2094 quoque
694 2032 855 2077 Romae
890 2032 1047 2095 ingens
1079 2029 1290 2092 praebitus
1318 2042 1504 2084 terror,

217 2101 357 2163 magis
390 2100 435 2146 in
471 2118 517 2148 re
546 2101 685 2148 subita
703 2137 715 2160 ‚
746 2118 878 2165 quam
908 2102 1033 2165 quod
1061 2101 1115 2147 ad
1143 2100 1378 2147 arcendam
1405 2098 1502 2144 vim

218 2189 378 2236 parum
409 2173 575 2220 virium
612 2175 727 2223 esset.
775 2177 834 2235 Q.
872 2175 1031 2222 Fabius
1064 2187 1253 2237 praeerat
1283 2173 1398 2219 urbi.
1439 2172 1506 2231 is,

221 2260 386 2294 armata
403 2246 663 2308 juventute,
695 2247 999 2311 dispositisque
1022 2246 1232 2310 praesidiis
1249 2282 1262 2305 ‚
1288 2257 1384 2292 tuta
1403 2261 1502 2292 om·

224 2319 299 2364 nia
333 2335 385 2366 ac
416 2318 654 2381 tranquilla
690 2319 809 2367 fecit.
857 2322 1008 2382 ltaque
1046 2318 1192 2365 hostes
1215 2353 1229 2376 ‚
1265 2316 1411 2380 praeda
1447 2332 1503 2362 ex

225 2393 447 2455 proximis
478 2395 590 2440 locis
619 2409 743 2456 rapta
760 2430 773 2452 ,
800 2394 1166 2457 appropinquare
1191 2392 1290 2439 urbi
1314 2408 1408 2438 non
1427 2407 1506 2437 au-

227 2469 259 2514 1'1
278 2505 291 2528 ‚
322 2486 424 2517 cum
450 2470 722 2517 circumffi‘lo
753 2470 927 2533 agmine
953 2469 1180 2528 redirent,
1210 2478 1380 2531 quanto
1403 2465 1509 2513 lon-
