<?xml version="1.0" encoding="UTF-8"?>
<!DOCTYPE html PUBLIC "-//W3C//DTD XHTML 1.0 Transitional//EN"
    "http://www.w3.org/TR/xhtml1/DTD/xhtml1-transitional.dtd">
<html xmlns="http://www.w3.org/1999/xhtml" xml:lang="en" lang="en">
 <head>
  <title>
</title>
<meta http-equiv="Content-Type" content="text/html;charset=utf-8" />
  <meta name='ocr-system' content='tesseract 3.04.00' />
  <meta name='ocr-capabilities' content='ocr_page ocr_carea ocr_par ocr_line ocrx_word'/>
</head>
<body>
  <div class='ocr_page' id='page_1' title='image "./historiarumlibri01livyuoft_0371.png"; bbox 0 0 1582 2793; ppageno 0'>
   <div class='ocr_carea' id='block_1_1' title="bbox 278 133 1392 195">
    <p class='ocr_par' dir='ltr' id='par_1_1' title="bbox 278 133 1392 195">
     <span class='ocr_line' id='line_1_1' title="bbox 278 133 1392 195; baseline -0.006 -9"><span class='ocrx_word' id='word_1_1' title='bbox 278 136 882 186; x_wconf 64' lang='lat' dir='ltr'>HisToiziARUM</span> <span class='ocrx_word' id='word_1_2' title='bbox 928 135 1052 181; x_wconf 72' lang='lat' dir='ltr'>Lm.</span> <span class='ocrx_word' id='word_1_3' title='bbox 1101 133 1193 180; x_wconf 81' lang='lat'>111.</span> <span class='ocrx_word' id='word_1_4' title='bbox 1300 147 1392 195; x_wconf 78' lang='lat'>207</span> 
     </span>
    </p>
   </div>
   <div class='ocr_carea' id='block_1_2' title="bbox 101 242 1474 2514">
    <p class='ocr_par' dir='ltr' id='par_1_2' title="bbox 101 242 1474 2514">
     <span class='ocr_line' id='line_1_2' title="bbox 167 242 1396 303; baseline -0.007 -7"><span class='ocrx_word' id='word_1_5' title='bbox 167 249 318 296; x_wconf 87' lang='lat' dir='ltr'>XX11.</span> <span class='ocrx_word' id='word_1_6' title='bbox 356 245 578 294; x_wconf 84' lang='lat' dir='ltr'>Consules</span> <span class='ocrx_word' id='word_1_7' title='bbox 612 243 749 292; x_wconf 80' lang='lat' dir='ltr'>creati</span> <span class='ocrx_word' id='word_1_8' title='bbox 771 245 833 303; x_wconf 84' lang='lat' dir='ltr'>Q.</span> <span class='ocrx_word' id='word_1_9' title='bbox 854 242 1013 289; x_wconf 84' lang='lat' dir='ltr'>Fabius</span> <span class='ocrx_word' id='word_1_10' title='bbox 1032 242 1284 289; x_wconf 76' lang='lat' dir='ltr'>Vibulanus</span> <span class='ocrx_word' id='word_1_11' title='bbox 1302 257 1396 289; x_wconf 80' lang='lat' dir='ltr'>ter-</span> 
     </span>
     <span class='ocr_line' id='line_1_3' title="bbox 101 315 1396 381; baseline -0.007 -10"><span class='ocrx_word' id='word_1_12' title='bbox 101 324 216 371; x_wconf 85' lang='lat' dir='ltr'>tium</span> <span class='ocrx_word' id='word_1_13' title='bbox 237 359 249 381; x_wconf 91' lang='lat'>,</span> <span class='ocrx_word' id='word_1_14' title='bbox 273 324 321 369; x_wconf 85' lang='lat'>&amp;</span> <span class='ocrx_word' id='word_1_15' title='bbox 346 323 401 368; x_wconf 85' lang='lat' dir='ltr'>·L.</span> <span class='ocrx_word' id='word_1_16' title='bbox 431 318 676 366; x_wconf 85' lang='lat' dir='ltr'>Cornelius</span> <span class='ocrx_word' id='word_1_17' title='bbox 710 315 1042 380; x_wconf 67' lang='lat' dir='ltr'>Maluginensis.</span> <span class='ocrx_word' id='word_1_18' title='bbox 1084 315 1254 362; x_wconf 88' lang='lat' dir='ltr'>Census</span> <span class='ocrx_word' id='word_1_19' title='bbox 1277 316 1396 362; x_wconf 77' lang='lat' dir='ltr'>ac&#39;tus</span> 
     </span>
     <span class='ocr_line' id='line_1_4' title="bbox 104 387 1401 454; baseline -0.008 -11"><span class='ocrx_word' id='word_1_20' title='bbox 104 413 161 442; x_wconf 89' lang='lat' dir='ltr'>eo</span> <span class='ocrx_word' id='word_1_21' title='bbox 195 411 332 442; x_wconf 87' lang='lat' dir='ltr'>anno.</span> <span class='ocrx_word' id='word_1_22' title='bbox 379 392 561 440; x_wconf 87' lang='lat' dir='ltr'>lustrum</span> <span class='ocrx_word' id='word_1_23' title='bbox 583 428 596 450; x_wconf 85' lang='lat'>‚</span> <span class='ocrx_word' id='word_1_24' title='bbox 638 401 828 454; x_wconf 84' lang='lat' dir='ltr'>propter</span> <span class='ocrx_word' id='word_1_25' title='bbox 865 387 1143 451; x_wconf 81' lang='lat' dir='ltr'>Capitolium</span> <span class='ocrx_word' id='word_1_26' title='bbox 1189 402 1401 452; x_wconf 75' lang='lat' dir='ltr'>captum,</span> 
     </span>
     <span class='ocr_line' id='line_1_5' title="bbox 106 459 1398 525; baseline -0.006 -9"><span class='ocrx_word' id='word_1_27' title='bbox 106 467 339 516; x_wconf 85' lang='lat' dir='ltr'>consulem</span> <span class='ocrx_word' id='word_1_28' title='bbox 372 465 602 523; x_wconf 86' lang='lat' dir='ltr'>occisum,</span> <span class='ocrx_word' id='word_1_29' title='bbox 636 462 775 512; x_wconf 83' lang='lat' dir='ltr'>condi</span> <span class='ocrx_word' id='word_1_30' title='bbox 807 460 1066 525; x_wconf 84' lang='lat' dir='ltr'>religiosum</span> <span class='ocrx_word' id='word_1_31' title='bbox 1096 459 1196 509; x_wconf 78' lang='lat' dir='ltr'>fuit.</span> <span class='ocrx_word' id='word_1_32' title='bbox 1230 464 1290 522; x_wconf 86' lang='lat' dir='ltr'>Q.</span> <span class='ocrx_word' id='word_1_33' title='bbox 1314 464 1398 508; x_wconf 88' lang='lat' dir='ltr'>Fa·-</span> 
     </span>
     <span class='ocr_line' id='line_1_6' title="bbox 104 535 1399 600; baseline -0.007 -9"><span class='ocrx_word' id='word_1_34' title='bbox 104 543 184 591; x_wconf 89' lang='lat' dir='ltr'>bio</span> <span class='ocrx_word' id='word_1_35' title='bbox 203 577 219 600; x_wconf 85' lang='lat'>‚</span> <span class='ocrx_word' id='word_1_36' title='bbox 254 544 302 589; x_wconf 92' lang='lat' dir='ltr'>L.</span> <span class='ocrx_word' id='word_1_37' title='bbox 326 540 551 587; x_wconf 86' lang='lat' dir='ltr'>Cornelio</span> <span class='ocrx_word' id='word_1_38' title='bbox 589 537 850 586; x_wconf 85' lang='lat' dir='ltr'>consulibus</span> <span class='ocrx_word' id='word_1_39' title='bbox 869 571 882 595; x_wconf 87' lang='lat'>‚</span> <span class='ocrx_word' id='word_1_40' title='bbox 914 535 1142 599; x_wconf 85' lang='lat' dir='ltr'>principio</span> <span class='ocrx_word' id='word_1_41' title='bbox 1174 536 1282 581; x_wconf 88' lang='lat' dir='ltr'>anni</span> <span class='ocrx_word' id='word_1_42' title='bbox 1313 535 1399 583; x_wconf 84' lang='lat' dir='ltr'>sta-</span> 
     </span>
     <span class='ocr_line' id='line_1_7' title="bbox 106 609 1398 678; baseline -0.007 -14"><span class='ocrx_word' id='word_1_43' title='bbox 106 617 187 665; x_wconf 84' lang='lat' dir='ltr'>tim</span> <span class='ocrx_word' id='word_1_44' title='bbox 203 633 272 663; x_wconf 85' lang='lat' dir='ltr'>res</span> <span class='ocrx_word' id='word_1_45' title='bbox 292 616 578 663; x_wconf 72' lang='lat' dir='ltr'>turbulentae.</span> <span class='ocrx_word' id='word_1_46' title='bbox 608 613 882 678; x_wconf 85' lang='lat' dir='ltr'>Instigabant</span> <span class='ocrx_word' id='word_1_47' title='bbox 901 611 1076 674; x_wconf 82' lang='lat' dir='ltr'>plebem</span> <span class='ocrx_word' id='word_1_48' title='bbox 1099 610 1284 657; x_wconf 87' lang='lat' dir='ltr'>tribuni.</span> <span class='ocrx_word' id='word_1_49' title='bbox 1306 609 1398 656; x_wconf 86' lang='lat' dir='ltr'>bel-</span> 
     </span>
     <span class='ocr_line' id='line_1_8' title="bbox 107 683 1401 753; baseline -0.006 -16"><span class='ocrx_word' id='word_1_50' title='bbox 107 690 202 737; x_wconf 88' lang='lat' dir='ltr'>lum</span> <span class='ocrx_word' id='word_1_51' title='bbox 233 689 392 753; x_wconf 82' lang='lat' dir='ltr'>ingens</span> <span class='ocrx_word' id='word_1_52' title='bbox 412 706 439 735; x_wconf 87' lang='lat' dir='ltr'>a</span> <span class='ocrx_word' id='word_1_53' title='bbox 457 687 639 735; x_wconf 83' lang='lat' dir='ltr'>Volscis</span> <span class='ocrx_word' id='word_1_54' title='bbox 664 688 713 734; x_wconf 85' lang='lat'>&amp;</span> <span class='ocrx_word' id='word_1_55' title='bbox 731 684 885 748; x_wconf 87' lang='lat' dir='ltr'>AEquis</span> <span class='ocrx_word' id='word_1_56' title='bbox 904 683 1049 731; x_wconf 87' lang='lat' dir='ltr'>Latini</span> <span class='ocrx_word' id='word_1_57' title='bbox 1079 695 1214 748; x_wconf 89' lang='lat' dir='ltr'>atque</span> <span class='ocrx_word' id='word_1_58' title='bbox 1240 683 1401 730; x_wconf 85' lang='lat' dir='ltr'>Herni-</span> 
     </span>
     <span class='ocr_line' id='line_1_9' title="bbox 108 755 1402 820; baseline -0.006 -12"><span class='ocrx_word' id='word_1_59' title='bbox 108 762 151 809; x_wconf 89' lang='lat' dir='ltr'>ci</span> <span class='ocrx_word' id='word_1_60' title='bbox 178 761 460 808; x_wconf 80' lang='lat' dir='ltr'>nuntiabant.</span> <span class='ocrx_word' id='word_1_61' title='bbox 496 758 581 820; x_wconf 79' lang='lat' dir='ltr'>jam</span> <span class='ocrx_word' id='word_1_62' title='bbox 604 758 727 806; x_wconf 86' lang='lat' dir='ltr'>Antii</span> <span class='ocrx_word' id='word_1_63' title='bbox 749 756 1028 804; x_wconf 88' lang='lat' dir='ltr'>Volscorum</span> <span class='ocrx_word' id='word_1_64' title='bbox 1055 755 1257 820; x_wconf 84' lang='lat' dir='ltr'>legiones</span> <span class='ocrx_word' id='word_1_65' title='bbox 1286 755 1402 801; x_wconf 75' lang='lat' dir='ltr'>effe:</span> 
     </span>
     <span class='ocr_line' id='line_1_10' title="bbox 110 827 1405 898; baseline -0.008 -15"><span class='ocrx_word' id='word_1_66' title='bbox 110 837 161 883; x_wconf 57' lang='grc' dir='ltr'>ὃς</span> <span class='ocrx_word' id='word_1_67' title='bbox 193 835 327 898; x_wconf 84' lang='lat' dir='ltr'>ipsam</span> <span class='ocrx_word' id='word_1_68' title='bbox 358 833 590 881; x_wconf 81' lang='lat' dir='ltr'>coloniam</span> <span class='ocrx_word' id='word_1_69' title='bbox 627 832 782 897; x_wconf 86' lang='lat' dir='ltr'>ingens</span> <span class='ocrx_word' id='word_1_70' title='bbox 814 841 957 877; x_wconf 90' lang='lat' dir='ltr'>metus</span> <span class='ocrx_word' id='word_1_71' title='bbox 991 840 1085 875; x_wconf 89' lang='lat' dir='ltr'>erat</span> <span class='ocrx_word' id='word_1_72' title='bbox 1115 827 1405 875; x_wconf 71' lang='lat' dir='ltr'>defe&amp;ura1u.</span> 
     </span>
     <span class='ocr_line' id='line_1_11' title="bbox 111 901 1405 971; baseline -0.006 -17"><span class='ocrx_word' id='word_1_73' title='bbox 111 924 317 971; x_wconf 67' lang='lat' dir='ltr'>aegreque</span> <span class='ocrx_word' id='word_1_74' title='bbox 340 907 623 970; x_wconf 87' lang='lat' dir='ltr'>impetratum</span> <span class='ocrx_word' id='word_1_75' title='bbox 645 921 667 951; x_wconf 84' lang='lat' dir='ltr'>a</span> <span class='ocrx_word' id='word_1_76' title='bbox 691 904 883 950; x_wconf 85' lang='lat' dir='ltr'>tribunis</span> <span class='ocrx_word' id='word_1_77' title='bbox 901 938 914 960; x_wconf 94' lang='lat'>,</span> <span class='ocrx_word' id='word_1_78' title='bbox 934 914 984 948; x_wconf 89' lang='lat' dir='ltr'>ut</span> <span class='ocrx_word' id='word_1_79' title='bbox 1005 901 1174 948; x_wconf 89' lang='lat' dir='ltr'>bellum</span> <span class='ocrx_word' id='word_1_80' title='bbox 1204 916 1405 964; x_wconf 82' lang='lat' dir='ltr'>praever-</span> 
     </span>
     <span class='ocr_line' id='line_1_12' title="bbox 110 975 1403 1039; baseline -0.004 -13"><span class='ocrx_word' id='word_1_81' title='bbox 110 981 146 1027; x_wconf 81' lang='lat' dir='ltr'>ti</span> <span class='ocrx_word' id='word_1_82' title='bbox 183 981 387 1027; x_wconf 78' lang='lat' dir='ltr'>sinerent.</span> <span class='ocrx_word' id='word_1_83' title='bbox 421 978 650 1026; x_wconf 85' lang='lat' dir='ltr'>Consules</span> <span class='ocrx_word' id='word_1_84' title='bbox 682 976 785 1023; x_wconf 90' lang='lat' dir='ltr'>inde</span> <span class='ocrx_word' id='word_1_85' title='bbox 818 975 971 1039; x_wconf 85' lang='lat' dir='ltr'>partiti</span> <span class='ocrx_word' id='word_1_86' title='bbox 1002 975 1280 1038; x_wconf 84' lang='lat' dir='ltr'>provincias.</span> <span class='ocrx_word' id='word_1_87' title='bbox 1326 977 1403 1021; x_wconf 76' lang='lat' dir='ltr'>Fa-</span> 
     </span>
     <span class='ocr_line' id='line_1_13' title="bbox 112 1048 1404 1114; baseline -0.005 -14"><span class='ocrx_word' id='word_1_88' title='bbox 112 1053 222 1111; x_wconf 80' lang='lat' dir='ltr'>bio,</span> <span class='ocrx_word' id='word_1_89' title='bbox 247 1068 298 1100; x_wconf 84' lang='lat' dir='ltr'>ut</span> <span class='ocrx_word' id='word_1_90' title='bbox 330 1051 517 1098; x_wconf 88' lang='lat' dir='ltr'>Antium</span> <span class='ocrx_word' id='word_1_91' title='bbox 551 1049 751 1114; x_wconf 84' lang='lat' dir='ltr'>legiones</span> <span class='ocrx_word' id='word_1_92' title='bbox 785 1049 994 1108; x_wconf 87' lang='lat' dir='ltr'>duceret,</span> <span class='ocrx_word' id='word_1_93' title='bbox 1017 1049 1196 1095; x_wconf 82' lang='lat' dir='ltr'>datum:</span> <span class='ocrx_word' id='word_1_94' title='bbox 1228 1048 1404 1094; x_wconf 84' lang='lat' dir='ltr'>Corne—</span> 
     </span>
     <span class='ocr_line' id='line_1_14' title="bbox 112 1120 1406 1188; baseline -0.005 -15"><span class='ocrx_word' id='word_1_95' title='bbox 112 1126 203 1185; x_wconf 83' lang='lat' dir='ltr'>lio,</span> <span class='ocrx_word' id='word_1_96' title='bbox 224 1138 274 1173; x_wconf 92' lang='lat' dir='ltr'>ut</span> <span class='ocrx_word' id='word_1_97' title='bbox 296 1127 455 1173; x_wconf 81' lang='lat' dir='ltr'>Romae</span> <span class='ocrx_word' id='word_1_98' title='bbox 481 1123 689 1188; x_wconf 83' lang='lat' dir='ltr'>praefidio</span> <span class='ocrx_word' id='word_1_99' title='bbox 717 1123 846 1180; x_wconf 76' lang='lat' dir='ltr'>esset,</span> <span class='ocrx_word' id='word_1_100' title='bbox 877 1139 932 1168; x_wconf 90' lang='lat' dir='ltr'>ne</span> <span class='ocrx_word' id='word_1_101' title='bbox 952 1139 1039 1186; x_wconf 86' lang='lat' dir='ltr'>qua</span> <span class='ocrx_word' id='word_1_102' title='bbox 1061 1139 1161 1185; x_wconf 84' lang='lat' dir='ltr'>pars</span> <span class='ocrx_word' id='word_1_103' title='bbox 1184 1120 1406 1176; x_wconf 86' lang='lat' dir='ltr'>hostium,</span> 
     </span>
     <span class='ocr_line' id='line_1_15' title="bbox 113 1195 1456 1264; baseline -0.007 -17"><span class='ocrx_word' id='word_1_104' title='bbox 113 1201 192 1264; x_wconf 87' lang='lat' dir='ltr'>qui</span> <span class='ocrx_word' id='word_1_105' title='bbox 211 1200 370 1264; x_wconf 85' lang='lat' dir='ltr'>AEquis</span> <span class='ocrx_word' id='word_1_106' title='bbox 396 1215 497 1246; x_wconf 85' lang='lat' dir='ltr'>mos</span> <span class='ocrx_word' id='word_1_107' title='bbox 526 1211 648 1257; x_wconf 82' lang='lat' dir='ltr'>erat,</span> <span class='ocrx_word' id='word_1_108' title='bbox 673 1197 727 1244; x_wconf 87' lang='lat' dir='ltr'>ad</span> <span class='ocrx_word' id='word_1_109' title='bbox 747 1196 1058 1261; x_wconf 86' lang='lat' dir='ltr'>populandum</span> <span class='ocrx_word' id='word_1_110' title='bbox 1078 1195 1270 1243; x_wconf 85' lang='lat' dir='ltr'>veniret.</span> <span class='ocrx_word' id='word_1_111' title='bbox 1292 1195 1406 1241; x_wconf 86' lang='lat' dir='ltr'>Her·</span> <span class='ocrx_word' id='word_1_112' title='bbox 1446 1213 1456 1223; x_wconf 91' lang='lat'><strong>·</strong></span> 
     </span>
     <span class='ocr_line' id='line_1_16' title="bbox 117 1268 1407 1334; baseline -0.005 -13"><span class='ocrx_word' id='word_1_113' title='bbox 117 1273 209 1321; x_wconf 88' lang='lat' dir='ltr'>nici</span> <span class='ocrx_word' id='word_1_114' title='bbox 236 1276 284 1321; x_wconf 69' lang='grc' dir='ltr'>ὅ(</span> <span class='ocrx_word' id='word_1_115' title='bbox 302 1272 446 1319; x_wconf 88' lang='lat' dir='ltr'>Latini</span> <span class='ocrx_word' id='word_1_116' title='bbox 465 1271 565 1334; x_wconf 83' lang='lat' dir='ltr'>juffi</span> <span class='ocrx_word' id='word_1_117' title='bbox 594 1271 757 1318; x_wconf 88' lang='lat' dir='ltr'>milites</span> <span class='ocrx_word' id='word_1_118' title='bbox 788 1270 891 1318; x_wconf 88' lang='lat' dir='ltr'>dare</span> <span class='ocrx_word' id='word_1_119' title='bbox 910 1287 965 1317; x_wconf 83' lang='lat' dir='ltr'>ex</span> <span class='ocrx_word' id='word_1_120' title='bbox 985 1268 1181 1316; x_wconf 86' lang='lat' dir='ltr'>foedere:</span> <span class='ocrx_word' id='word_1_121' title='bbox 1214 1269 1407 1332; x_wconf 83' lang='lat' dir='ltr'>duaeque</span> 
     </span>
     <span class='ocr_line' id='line_1_17' title="bbox 116 1341 1409 1412; baseline -0.003 -18"><span class='ocrx_word' id='word_1_122' title='bbox 116 1359 265 1412; x_wconf 83' lang='lat' dir='ltr'>partes</span> <span class='ocrx_word' id='word_1_123' title='bbox 277 1346 508 1394; x_wconf 91' lang='lat' dir='ltr'>sociorum</span> <span class='ocrx_word' id='word_1_124' title='bbox 528 1345 574 1393; x_wconf 87' lang='lat' dir='ltr'>in</span> <span class='ocrx_word' id='word_1_125' title='bbox 593 1345 792 1394; x_wconf 83' lang='lat' dir='ltr'>exercitu</span> <span class='ocrx_word' id='word_1_126' title='bbox 806 1344 962 1404; x_wconf 85' lang='lat' dir='ltr'>‚tertia</span> <span class='ocrx_word' id='word_1_127' title='bbox 979 1344 1150 1391; x_wconf 84' lang='lat' dir='ltr'>civium</span> <span class='ocrx_word' id='word_1_128' title='bbox 1170 1341 1268 1391; x_wconf 84' lang='lat' dir='ltr'>fuit.</span> <span class='ocrx_word' id='word_1_129' title='bbox 1281 1343 1409 1390; x_wconf 86' lang='lat' dir='ltr'>Post-</span> 
     </span>
     <span class='ocr_line' id='line_1_18' title="bbox 117 1417 1407 1487; baseline -0.004 -18"><span class='ocrx_word' id='word_1_130' title='bbox 117 1440 253 1487; x_wconf 87' lang='lat' dir='ltr'>quam</span> <span class='ocrx_word' id='word_1_131' title='bbox 281 1423 337 1469; x_wconf 88' lang='lat' dir='ltr'>ad</span> <span class='ocrx_word' id='word_1_132' title='bbox 363 1423 482 1469; x_wconf 89' lang='lat' dir='ltr'>diem</span> <span class='ocrx_word' id='word_1_133' title='bbox 510 1421 811 1485; x_wconf 75' lang='lat' dir='ltr'>praestitutum</span> <span class='ocrx_word' id='word_1_134' title='bbox 831 1431 1058 1467; x_wconf 87' lang='lat' dir='ltr'>venerunt</span> <span class='ocrx_word' id='word_1_135' title='bbox 1083 1417 1222 1477; x_wconf 84' lang='lat' dir='ltr'>socii,</span> <span class='ocrx_word' id='word_1_136' title='bbox 1249 1418 1407 1466; x_wconf 87' lang='lat' dir='ltr'>consul</span> 
     </span>
     <span class='ocr_line' id='line_1_19' title="bbox 119 1492 1407 1560; baseline -0.003 -17"><span class='ocrx_word' id='word_1_137' title='bbox 119 1509 246 1543; x_wconf 80' lang='lat' dir='ltr'>extra</span> <span class='ocrx_word' id='word_1_138' title='bbox 276 1512 457 1560; x_wconf 87' lang='lat' dir='ltr'>portam</span> <span class='ocrx_word' id='word_1_139' title='bbox 478 1498 708 1560; x_wconf 80' lang='lat' dir='ltr'>Capenam</span> <span class='ocrx_word' id='word_1_140' title='bbox 730 1493 866 1542; x_wconf 85' lang='lat' dir='ltr'>castra</span> <span class='ocrx_word' id='word_1_141' title='bbox 884 1493 1019 1542; x_wconf 83' lang='lat' dir='ltr'>locat.</span> <span class='ocrx_word' id='word_1_142' title='bbox 1055 1493 1159 1540; x_wconf 87' lang='lat' dir='ltr'>inde</span> <span class='ocrx_word' id='word_1_143' title='bbox 1175 1529 1188 1551; x_wconf 87' lang='lat'>‚</span> <span class='ocrx_word' id='word_1_144' title='bbox 1220 1492 1407 1540; x_wconf 80' lang='lat' dir='ltr'>lustrato</span> 
     </span>
     <span class='ocr_line' id='line_1_20' title="bbox 119 1565 1409 1633; baseline -0.005 -16"><span class='ocrx_word' id='word_1_145' title='bbox 119 1571 355 1629; x_wconf 76' lang='lat' dir='ltr'>exercitu,</span> <span class='ocrx_word' id='word_1_146' title='bbox 378 1570 562 1617; x_wconf 88' lang='lat' dir='ltr'>Antium</span> <span class='ocrx_word' id='word_1_147' title='bbox 594 1568 850 1633; x_wconf 66' lang='lat' dir='ltr'>profec‘his,</span> <span class='ocrx_word' id='word_1_148' title='bbox 886 1568 1005 1614; x_wconf 87' lang='lat' dir='ltr'>haud</span> <span class='ocrx_word' id='word_1_149' title='bbox 1039 1566 1203 1629; x_wconf 84' lang='lat' dir='ltr'>procul</span> <span class='ocrx_word' id='word_1_150' title='bbox 1231 1565 1409 1630; x_wconf 86' lang='lat' dir='ltr'>oppido</span> 
     </span>
     <span class='ocr_line' id='line_1_21' title="bbox 121 1639 1409 1708; baseline -0.006 -15"><span class='ocrx_word' id='word_1_151' title='bbox 121 1643 381 1708; x_wconf 84' lang='lat' dir='ltr'>stativisque</span> <span class='ocrx_word' id='word_1_152' title='bbox 407 1643 603 1690; x_wconf 83' lang='lat' dir='ltr'>hostiurn</span> <span class='ocrx_word' id='word_1_153' title='bbox 626 1641 841 1690; x_wconf 83' lang='lat' dir='ltr'>consedit.</span> <span class='ocrx_word' id='word_1_154' title='bbox 864 1641 957 1690; x_wconf 88' lang='lat' dir='ltr'>Ubi</span> <span class='ocrx_word' id='word_1_155' title='bbox 978 1657 1081 1687; x_wconf 86' lang='lat' dir='ltr'>cum</span> <span class='ocrx_word' id='word_1_156' title='bbox 1100 1639 1283 1699; x_wconf 82' lang='lat' dir='ltr'>Volsci,</span> <span class='ocrx_word' id='word_1_157' title='bbox 1301 1639 1409 1703; x_wconf 79' lang='lat' dir='ltr'>quia</span> 
     </span>
     <span class='ocr_line' id='line_1_22' title="bbox 120 1711 1410 1780; baseline -0.005 -15"><span class='ocrx_word' id='word_1_158' title='bbox 120 1719 328 1765; x_wconf 86' lang='lat' dir='ltr'>nondum</span> <span class='ocrx_word' id='word_1_159' title='bbox 351 1717 407 1764; x_wconf 88' lang='lat' dir='ltr'>ab</span> <span class='ocrx_word' id='word_1_160' title='bbox 428 1716 587 1780; x_wconf 85' lang='lat' dir='ltr'>AEquis</span> <span class='ocrx_word' id='word_1_161' title='bbox 608 1714 795 1762; x_wconf 72' lang='lat' dir='ltr'>venisset</span> <span class='ocrx_word' id='word_1_162' title='bbox 811 1714 1058 1772; x_wconf 78' lang='lat' dir='ltr'>exercitus,</span> <span class='ocrx_word' id='word_1_163' title='bbox 1079 1711 1291 1759; x_wconf 88' lang='lat' dir='ltr'>dimicare</span> <span class='ocrx_word' id='word_1_164' title='bbox 1312 1727 1410 1758; x_wconf 84' lang='lat' dir='ltr'>non</span> 
     </span>
     <span class='ocr_line' id='line_1_23' title="bbox 123 1786 1413 1855; baseline -0.007 -14"><span class='ocrx_word' id='word_1_165' title='bbox 123 1791 238 1850; x_wconf 73' lang='lat' dir='ltr'>ausi,</span> <span class='ocrx_word' id='word_1_166' title='bbox 259 1790 644 1855; x_wconf 82' lang='lat' dir='ltr'>quemadmodum</span> <span class='ocrx_word' id='word_1_167' title='bbox 667 1787 806 1853; x_wconf 84' lang='lat' dir='ltr'>quieti</span> <span class='ocrx_word' id='word_1_168' title='bbox 828 1787 952 1834; x_wconf 89' lang='lat' dir='ltr'>vallo</span> <span class='ocrx_word' id='word_1_169' title='bbox 975 1786 1016 1832; x_wconf 93' lang='lat' dir='ltr'>se</span> <span class='ocrx_word' id='word_1_170' title='bbox 1035 1797 1310 1845; x_wconf 85' lang='lat' dir='ltr'>tutarentur,</span> <span class='ocrx_word' id='word_1_171' title='bbox 1330 1802 1413 1848; x_wconf 88' lang='lat' dir='ltr'>pa-</span> 
     </span>
     <span class='ocr_line' id='line_1_24' title="bbox 122 1859 1412 1928; baseline -0.005 -16"><span class='ocrx_word' id='word_1_172' title='bbox 122 1876 305 1921; x_wconf 80' lang='lat' dir='ltr'>rarent3</span> <span class='ocrx_word' id='word_1_173' title='bbox 336 1863 518 1928; x_wconf 85' lang='lat' dir='ltr'>postero</span> <span class='ocrx_word' id='word_1_174' title='bbox 542 1863 613 1909; x_wconf 85' lang='lat' dir='ltr'>die</span> <span class='ocrx_word' id='word_1_175' title='bbox 645 1861 806 1908; x_wconf 84' lang='lat' dir='ltr'>Fabius</span> <span class='ocrx_word' id='word_1_176' title='bbox 826 1897 839 1918; x_wconf 89' lang='lat'><em>‚</em></span> <span class='ocrx_word' id='word_1_177' title='bbox 870 1877 964 1906; x_wconf 90' lang='lat' dir='ltr'>non</span> <span class='ocrx_word' id='word_1_178' title='bbox 989 1859 1256 1922; x_wconf 84' lang='lat' dir='ltr'>permixtam</span> <span class='ocrx_word' id='word_1_179' title='bbox 1276 1872 1412 1906; x_wconf 87' lang='lat' dir='ltr'>unam</span> 
     </span>
     <span class='ocr_line' id='line_1_25' title="bbox 124 1931 1414 1999; baseline -0.006 -14"><span class='ocrx_word' id='word_1_180' title='bbox 124 1938 359 1986; x_wconf 86' lang='lat' dir='ltr'>sociorum</span> <span class='ocrx_word' id='word_1_181' title='bbox 390 1936 652 1999; x_wconf 88' lang='lat' dir='ltr'>civiumque</span> <span class='ocrx_word' id='word_1_182' title='bbox 675 1971 689 1993; x_wconf 83' lang='lat'>‚</span> <span class='ocrx_word' id='word_1_183' title='bbox 724 1933 798 1980; x_wconf 87' lang='lat' dir='ltr'>sed</span> <span class='ocrx_word' id='word_1_184' title='bbox 829 1933 966 1980; x_wconf 86' lang='lat' dir='ltr'>trium</span> <span class='ocrx_word' id='word_1_185' title='bbox 1005 1931 1286 1995; x_wconf 88' lang='lat' dir='ltr'>populorum</span> <span class='ocrx_word' id='word_1_186' title='bbox 1323 1947 1414 1978; x_wconf 82' lang='lat' dir='ltr'>tres</span> 
     </span>
     <span class='ocr_line' id='line_1_26' title="bbox 123 2003 1413 2075; baseline -0.005 -17"><span class='ocrx_word' id='word_1_187' title='bbox 123 2011 359 2075; x_wconf 88' lang='lat' dir='ltr'>separatim</span> <span class='ocrx_word' id='word_1_188' title='bbox 376 2011 492 2057; x_wconf 87' lang='lat' dir='ltr'>acies</span> <span class='ocrx_word' id='word_1_189' title='bbox 512 2010 630 2057; x_wconf 85' lang='lat' dir='ltr'>circa</span> <span class='ocrx_word' id='word_1_190' title='bbox 650 2008 820 2054; x_wconf 87' lang='lat' dir='ltr'>vallum</span> <span class='ocrx_word' id='word_1_191' title='bbox 841 2006 1038 2053; x_wconf 86' lang='lat' dir='ltr'>hostium</span> <span class='ocrx_word' id='word_1_192' title='bbox 1072 2003 1294 2051; x_wconf 75' lang='lat' dir='ltr'>instruxit.</span> <span class='ocrx_word' id='word_1_193' title='bbox 1318 2004 1413 2068; x_wconf 87' lang='lat' dir='ltr'>Ipse</span> 
     </span>
     <span class='ocr_line' id='line_1_27' title="bbox 126 2078 1414 2146; baseline -0.006 -14"><span class='ocrx_word' id='word_1_194' title='bbox 126 2096 219 2133; x_wconf 87' lang='lat' dir='ltr'>erat</span> <span class='ocrx_word' id='word_1_195' title='bbox 253 2084 427 2131; x_wconf 85' lang='lat' dir='ltr'>medius</span> <span class='ocrx_word' id='word_1_196' title='bbox 450 2101 552 2130; x_wconf 87' lang='lat' dir='ltr'>cum</span> <span class='ocrx_word' id='word_1_197' title='bbox 573 2081 826 2146; x_wconf 81' lang='lat' dir='ltr'>legionibus</span> <span class='ocrx_word' id='word_1_198' title='bbox 855 2079 1087 2127; x_wconf 83' lang='lat' dir='ltr'>Romanis.</span> <span class='ocrx_word' id='word_1_199' title='bbox 1120 2078 1223 2125; x_wconf 90' lang='lat' dir='ltr'>inde</span> <span class='ocrx_word' id='word_1_200' title='bbox 1240 2078 1414 2142; x_wconf 86' lang='lat' dir='ltr'>fignum</span> 
     </span>
     <span class='ocr_line' id='line_1_28' title="bbox 127 2150 1415 2217; baseline -0.005 -14"><span class='ocrx_word' id='word_1_201' title='bbox 127 2155 370 2203; x_wconf 88' lang='lat' dir='ltr'>observare</span> <span class='ocrx_word' id='word_1_202' title='bbox 410 2155 525 2216; x_wconf 73' lang='lat' dir='ltr'>jussit</span> <span class='ocrx_word' id='word_1_203' title='bbox 546 2190 560 2212; x_wconf 90' lang='lat'>‚</span> <span class='ocrx_word' id='word_1_204' title='bbox 593 2167 645 2201; x_wconf 85' lang='lat' dir='ltr'>ut</span> <span class='ocrx_word' id='word_1_205' title='bbox 680 2154 844 2217; x_wconf 87' lang='lat' dir='ltr'>pariter</span> <span class='ocrx_word' id='word_1_206' title='bbox 874 2156 924 2201; x_wconf 87' lang='lat'>&amp;</span> <span class='ocrx_word' id='word_1_207' title='bbox 961 2152 1075 2200; x_wconf 87' lang='lat' dir='ltr'>socii</span> <span class='ocrx_word' id='word_1_208' title='bbox 1110 2169 1205 2200; x_wconf 83' lang='lat' dir='ltr'>rem</span> <span class='ocrx_word' id='word_1_209' title='bbox 1241 2150 1415 2213; x_wconf 86' lang='lat' dir='ltr'>incipe-</span> 
     </span>
     <span class='ocr_line' id='line_1_29' title="bbox 128 2223 1474 2292; baseline -0.004 -17"><span class='ocrx_word' id='word_1_210' title='bbox 128 2240 260 2286; x_wconf 86' lang='lat' dir='ltr'>rent,</span> <span class='ocrx_word' id='word_1_211' title='bbox 300 2228 606 2292; x_wconf 82' lang='lat' dir='ltr'>referrentque</span> <span class='ocrx_word' id='word_1_212' title='bbox 639 2228 832 2291; x_wconf 86' lang='lat' dir='ltr'>pedem‚</span> <span class='ocrx_word' id='word_1_213' title='bbox 872 2227 903 2272; x_wconf 88' lang='lat' dir='ltr'>fi</span> <span class='ocrx_word' id='word_1_214' title='bbox 938 2224 1140 2289; x_wconf 87' lang='lat' dir='ltr'>receptui</span> <span class='ocrx_word' id='word_1_215' title='bbox 1176 2223 1415 2272; x_wconf 75' lang='lat' dir='ltr'>cecinisset.</span> <span class='ocrx_word' id='word_1_216' title='bbox 1469 2244 1474 2247; x_wconf 85' lang='lat'>·</span> 
     </span>
     <span class='ocr_line' id='line_1_30' title="bbox 130 2296 1415 2364; baseline -0.005 -17"><span class='ocrx_word' id='word_1_217' title='bbox 130 2300 303 2364; x_wconf 85' lang='lat' dir='ltr'>equites</span> <span class='ocrx_word' id='word_1_218' title='bbox 333 2301 440 2347; x_wconf 86' lang='lat' dir='ltr'>item</span> <span class='ocrx_word' id='word_1_219' title='bbox 472 2301 559 2346; x_wconf 83' lang='lat' dir='ltr'>suae</span> <span class='ocrx_word' id='word_1_220' title='bbox 597 2300 761 2364; x_wconf 88' lang='lat' dir='ltr'>cuique</span> <span class='ocrx_word' id='word_1_221' title='bbox 790 2299 903 2364; x_wconf 86' lang='lat' dir='ltr'>parti</span> <span class='ocrx_word' id='word_1_222' title='bbox 932 2299 1032 2363; x_wconf 84' lang='lat' dir='ltr'>post</span> <span class='ocrx_word' id='word_1_223' title='bbox 1063 2297 1283 2362; x_wconf 88' lang='lat' dir='ltr'>principia</span> <span class='ocrx_word' id='word_1_224' title='bbox 1316 2296 1415 2342; x_wconf 91' lang='lat' dir='ltr'>col-</span> 
     </span>
     <span class='ocr_line' id='line_1_31' title="bbox 129 2371 1413 2430; baseline -0.005 -8"><span class='ocrx_word' id='word_1_225' title='bbox 129 2376 267 2422; x_wconf 86' lang='lat' dir='ltr'>locat.</span> <span class='ocrx_word' id='word_1_226' title='bbox 298 2378 358 2422; x_wconf 88' lang='lat' dir='ltr'>lta</span> <span class='ocrx_word' id='word_1_227' title='bbox 375 2374 590 2422; x_wconf 82' lang='lat' dir='ltr'>trifariam</span> <span class='ocrx_word' id='word_1_228' title='bbox 616 2375 803 2422; x_wconf 87' lang='lat' dir='ltr'>adortus</span> <span class='ocrx_word' id='word_1_229' title='bbox 825 2374 961 2422; x_wconf 87' lang='lat' dir='ltr'>castra</span> <span class='ocrx_word' id='word_1_230' title='bbox 984 2371 1308 2421; x_wconf 81' lang='lat' dir='ltr'>circumvenit:</span> <span class='ocrx_word' id='word_1_231' title='bbox 1338 2371 1413 2430; x_wconf 90' lang='lat'>&amp;,</span> 
     </span>
     <span class='ocr_line' id='line_1_32' title="bbox 131 2444 1412 2514; baseline -0.007 -16"><span class='ocrx_word' id='word_1_232' title='bbox 131 2465 237 2498; x_wconf 86' lang='lat' dir='ltr'>cum</span> <span class='ocrx_word' id='word_1_233' title='bbox 279 2449 478 2514; x_wconf 84' lang='lat' dir='ltr'>undique</span> <span class='ocrx_word' id='word_1_234' title='bbox 512 2449 690 2498; x_wconf 85' lang='lat' dir='ltr'>instaret</span> <span class='ocrx_word' id='word_1_235' title='bbox 711 2485 727 2511; x_wconf 88' lang='lat'><em>,</em></span> <span class='ocrx_word' id='word_1_236' title='bbox 766 2465 862 2497; x_wconf 87' lang='lat' dir='ltr'>non</span> <span class='ocrx_word' id='word_1_237' title='bbox 900 2446 1161 2496; x_wconf 87' lang='lat' dir='ltr'>sustinentes</span> <span class='ocrx_word' id='word_1_238' title='bbox 1195 2444 1412 2509; x_wconf 82' lang='lat' dir='ltr'>impetum</span> 
     </span>
    </p>
   </div>
  </div>
 </body>
</html>
