1582 2793
283 153 876 203 HISTORIARUM
924 157 1053 204 ΗΒ.
1096 157 1128 203 1.
1295 172 1354 218 39

69 273 211 310 rantes
240 262 524 327 perstringit:
558 264 641 320 &‚
674 274 840 309 neutro
866 263 1078 310 inclinata
1114 263 1220 327 spe,
1253 277 1354 310 tor-

68 338 202 400 pebat
229 354 326 386 vox
353 337 634 402 spiritusque.
665 337 898 385 Consertis
931 339 1092 386 deinde
1122 341 1354 400 manibus,

68 427 171 458 curn
201 409 285 473 jam
312 427 408 458 non
440 424 592 458 motus
629 424 804 458 tantum
829 428 1108 475 corporum,
1145 414 1356 476 agitatio-

68 499 157 545 que
176 500 338 546 anceps
354 484 549 531 telorum
570 501 916 549 armorumque,
938 484 1009 531 sed
1028 485 1217 532 vulnera
1237 503 1355 547 quo·

66 571 154 617 que
183 557 233 602 ὃ(
261 555 438 620 sanguis
463 556 715 620 speflaculo
734 557 897 611 ess'ent3
927 556 1019 603 duo
1046 557 1266 612 Romani,
1291 559 1355 605 su·

69 643 148 690 per
179 627 314 674 alium
334 629 470 688 alius,
504 629 751 677 vulneratis
776 629 919 676 tribus
949 628 1135 676 Albanis
1154 665 1168 688 ‚
1205 630 1354 692 exspi-

66 709 215 745 rantes
250 702 637 748 corruerunt.›ad
675 719 871 765 quorum
909 702 1052 749 casum
1076 718 1078 721 ·
1099 720 1203 750 curn
1237 720 1354 750 con·

68 770 288 819 clamasset
318 772 482 836 gaudio
508 774 708 821 Albanus
735 775 958 822 exercitus
978 811 992 834 ‚
1026 777 1254 823 Romanas
1288 775 1354 822 le-

69 845 228 908 giones
261 845 351 908 jam
376 845 479 928 *spe-s
515 858 645 905 tota,
681 848 886 895 nondum
925 861 1073 896 tamen
1108 865 1242 907 cura,
1274 849 1353 894 de-

67 920 295 978 seruerat,
323 920 552 968 exanimes
583 921 686 969 vice
716 920 881 980 unius,
916 939 1050 986 quem
1082 934 1171 968 tres
1190 921 1353 969 Curia·

63 995 115 1041 tii
143 995 539 1043 circumsteterant.
574 998 708 1043 Forte
736 996 773 1044 is
806 997 980 1060 integer
1013 995 1101 1043 fuit
1122 1032 1136 1055 ,
1173 1009 1224 1042 ut
1247 996 1350 1042 uni-

65 1066 204 1113 versis
233 1066 354 1114 iolus
385 1084 702 1131 nequaquam
691 1085 796 1127 oar,
820 1068 879 1116 fic
909 1060 1120 1115 adversus
1150 1068 1352 1132 singulos

64 1138 213 1189 ferox.
247 1157 387 1206 ergo,
419 1153 470 1189 ut
495 1141 742 1206 segregaret
762 1158 955 1206 pugnam
976 1158 1161 1200 eorum,
1200 1142 1351 1204 capes-

64 1211 118 1258 fit
145 1211 296 1276 fugam
313 1250 328 1274 ,
348 1213 410 1262 ita
430 1227 549 1263 ratus
571 1214 802 1263 secuturos
823 1251 836 1274 ,
864 1227 915 1261 ut
935 1231 1160 1279 quemque
1181 1215 1352 1262 vulne·

62 1300 112 1331 re
141 1284 347 1332 affeRum
373 1303 540 1350 corpus
570 1287 744 1335 sineret.
779 1289 872 1335 Jam
910 1287 1190 1350 aliquantum
1219 1286 1348 1349 spatii

62 1372 121 1402 ex
155 1373 213 1404 eo
243 1357 383 1417 loco,
421 1359 502 1406 ubi
540 1372 789 1424 pugnatum
821 1359 909 1418 est,
946 1358 1207 1422 aufugerat,
1245 1376 1347 1405 cum

62 1426 302 1492 respiciens
320 1431 448 1478 videt
468 1432 638 1494 magnis
660 1431 908 1479 intervallis
927 1431 1190 1495 sequente53
1209 1448 1348 1477 unum

62 1499 180 1548 haud
205 1503 372 1565 procul
399 1503 455 1550 ab
483 1503 570 1550 sese
594 1505 750 1552 abeffe.
783 1504 828 1549 in
859 1521 960 1550 eum
990 1520 1156 1566 magno
1179 1503 1350 1565 impetu

60 1575 207 1623 rediit,
238 1579 320 1636 Et,
349 1577 457 1624 dum
476 1578 675 1625 Albanus
704 1578 927 1625 exercitus
959 1577 1171 1640 inclamat
1189 1576 1351 1622 Curia-

61 1647 161 1706 tiis,
196 1648 262 1695 uti
296 1666 432 1714 opem
464 1650 606 1698 serant
637 1648 792 1709 fr'atri,
832 1650 920 1712 jam
953 1649 1198 1707 Horatius,
1232 1648 1348 1697 caeso

62 1723 187 1771 hoste
215 1724 392 1784 vidior,
414 1725 652 1774 secundam
682 1743 879 1790 pugnam
908 1724 1100 1787 petebat.
1130 1735 1226 1769 tum
1261 1723 1351 1770 cla-

61 1814 189 1845 more
205 1834 219 1857 ,
243 1799 388 1864 qualis
417 1816 474 1847 ex
494 1800 720 1864 insperato
739 1798 990 1846 faventium
1011 1797 1124 1844 solet
1139 1833 1152 1854 ,
1176 1798 1349 1843 Roma·-

6 1921 9 1924 ,
62 1873 109 1919 ni
146 1872 365 1934 adjuvant
394 1873 582 1921 militem
618 1874 775 1922 suurn:
814 1876 863 1921 &
897 1873 971 1919 ille
1005 1871 1187 1935 defungi
1223 1889 1350 1934 proe-

61 1945 127 1992 lio
151 1945 341 1994 festinat.
378 1947 504 1994 Prius
523 1948 670 2012 itaque
684 1983 697 2006 ‚
718 1964 854 2011 quam
875 1946 1010 2002 alter,
1031 1945 1109 2008 qui
1137 1961 1219 1992 nec
1239 1962 1348 2008 pro-

62 2020 137 2066 cul
164 2019 344 2079 aberat,
377 2020 596 2085 consequi
617 2020 788 2084 poffet,
810 2021 859 2067 δε
883 2019 1072 2065 alterum
1093 2017 1349 2065 Curiatium

62 2090 263 2139 conficit.
299 2094 513 2157 Jamque,
547 2107 727 2158 aequato
758 2095 933 2150 Marte,
969 2091 1130 2155 finguli
1164 2091 1348 2154 supere-

62 2160 186 2223 rant}
215 2166 288 2213 sed
319 2185 403 2216 nec
436 2168 510 2232 spe
528 2205 543 2228 ‚
564 2185 649 2217 nec
673 2168 847 2217 viribus
871 2182 1009 2230 pares.
1031 2166 1220 2212 alterum
1235 2202 1247 2222 ‚
1276 2167 1347 2212 in-

61 2240 225 2286 merum
249 2239 370 2288 ferro
395 2258 562 2304 corpus
585 2243 636 2291 &
655 2242 876 2306 geminata
899 2239 1090 2288 vidioria
1108 2274 1122 2297 ,
1146 2238 1347 2286 ferocem

62 2313 111 2358 in
141 2324 364 2360 certamen
394 2315 576 2361 tertium
602 2315 798 2362 dabant:
834 2313 970 2371 alter,
1003 2312 1157 2358 fess'um
1182 2312 1347 2357 vulne—

62 2403 135 2445 re,
156 2385 312 2433 fess'um
333 2387 460 2435 cursu
477 2390 659 2436 trahens
679 2406 846 2451 corpus
861 2425 875 2445 ,
897 2386 1047 2436 vistus
1043 2403 1128 2449 que
1159 2385 1347 2432 fratrum

63 2470 166 2508 ante
195 2459 237 2508 se
268 2459 440 2527 strage,
483 2462 647 2512 viRori
682 2462 893 2522 oij'xcitur
929 2459 1058 2507 hosti.
1114 2475 1194 2504 nec
1237 2459 1351 2505 iliud

988 2534 1026 2576 C,
1063 2548 1091 2588 4
