1680 2803
376 163 492 207 DE
553 161 604 205 T.
656 161 691 203 L
726 162 752 204 I
785 164 831 205 V
856 161 880 203 I
909 159 964 206 O.
1206 171 1391 205 Lxx-xv

98 268 210 318 halis
236 269 355 333 apud
385 268 567 314 Livium
586 303 599 324 ,
626 266 750 313 Basil.
779 283 910 330 1550.
943 268 984 313 8.
1021 269 1191 330 Georgii
1211 270 1393 314 Martini

98 347 230 392 Dom
246 342 468 407 specimen
490 338 784 387 institutionis
804 339 1006 385 Politicae
1028 340 1245 397 Livianae,
1264 338 1392 387 Gies-

96 413 171 464 sae.
206 418 339 479 1657.
380 416 424 462 8.
454 415 560 480 susti
591 412 883 477 Reiffinbergii
914 411 1112 469 monita,
1155 411 1393 475 exempla,

96 489 287 536 consilia
325 487 516 536 Politica
546 486 761 543 Liviana,
792 483 1001 532 Francos.
1041 486 1174 546 1629.
1201 488 1243 531 8.
1278 489 1393 532 Phil.

98 564 288 607 Loniceri
312 562 472 607 Icones
490 559 690 605 Livianae
706 557 903 604 versibus
921 556 1167 612 illustratae,
1189 556 1249 603 ib.
1268 574 1395 622 1573.

99 633 145 680 8.
166 635 399 700 sebastiani
418 636 575 679 Macciz'
591 631 643 677 de
663 628 859 677 Historia
879 628 1066 676 Liviana
1086 628 1307 676 volumen
1331 630 1393 676 sa-

98 705 156 754 tis
180 707 379 770 amplum
406 706 556 752 laudat
575 704 837 768 Erythraeus
858 702 1156 765 pinacotheca
1178 705 1211 762 Ι,
1230 721 1270 766 p.
1290 721 1394 767 277.

183 779 255 825 Ad
288 778 408 841 prius
443 793 583 840 genus
617 775 783 822 referre
815 776 949 837 poffis
982 778 1032 823 &
1061 775 1179 822 hos:
1210 769 1394 824 Liisium

100 869 205 900 cum
244 851 545 916 Thucydide,
580 862 630 896 ut
669 849 875 897 Tullium
912 866 1012 896 cum
1048 849 1394 909 Demosthene,

101 924 302 973 contulit
320 924 518 970 Renatus
538 922 738 986 Rapinus
759 922 966 985 singulari
987 922 1169 969 diatriba
1183 959 1197 981 ‚
1218 923 1394 971 Gallice

102 997 203 1060 plus
233 996 365 1044 semel
393 995 579 1051 excusa,
601 995 702 1059 post
722 995 966 1042 editionem
994 994 1124 1042 Paris.
1158 998 1291 1044 1681.
1324 1014 1393 1046 12.

100 1071 179 1119 De
205 1074 379 1133 polybii
411 1069 621 1133 Liviique
652 1068 825 1117 diversa
859 1068 1080 1116 scribendi
1108 1070 1311 1129 ratione,
1346 1074 1395 1119 δὲ

100 1154 319 1207 quantum
363 1142 437 1188 hic
480 1142 606 1188 illum
652 1141 849 1188 imitatus
896 1141 1066 1200 fuerit,
1104 1141 1395 1196 consulendae

100 1215 202 1262 sunt
218 1217 285 1263 Jo.
305 1217 443 1262 Henr.
464 1214 658 1262 Boecleri
679 1213 914 1261 Leffiones
934 1214 1200 1278 Polybi-ana:
1221 1232 1260 1277 p.
1293 1233 1394 1277 ¹99·

102 1288 164 1352 sq.
190 1289 236 1338 ls.
257 1288 514 1337 Casauboni
538 1288 742 1352 praefatio
764 1288 818 1335 ad
839 1288 1003 1352 Polyb.
1028 1291 1075 1336 &
1104 1289 1289 1335 Fulvius
1308 1292 1394 1336 Ur-

103 1362 223 1409 finus
251 1362 299 1408 in
334 1363 456 1409 notis
483 1364 538 1410 ad
567 1375 778 1425 excerpta
799 1363 853 1408 de
882 1361 1180 1425 legationibus
1199 1361 1394 1419 ,1ίῖΕᾶ-

102 1434 324 1482 sanbonus
355 1435 402 1481 in
439 1435 797 1483 Casaubonianis
831 1453 872 1498 p.
909 1452 984 1496 73.
1027 1437 1146 1482 Vere
1180 1436 1394 1498 praedicat

103 1507 440 1568 Quinffilianus
474 1508 551 1556 lib.
589 1511 660 1567 X,
698 1526 793 1570 cap.
835 1526 871 1555 1.
901 1508 1082 1555 lacleam
1113 1508 1233 1554 Livii
1263 1508 1395 1555 uber·

91 1593 240 1630 ⁴tatem
256 1619 270 1642 ‚
293 1583 444 1648 aitque
459 1620 475 1643 ‚
494 1601 594 1631 eum
620 1602 724 1631 cum
747 1584 793 1631 in
814 1583 1039 1630 narrando
1060 1583 1186 1629 mirae
1216 1583 1299 1629 effe
1326 1584 1394 1646 ju·

102 1656 342 1705 cunditatis
372 1657 683 1721 clariffimique
711 1657 944 1714 candoris,
966 1668 1060 1703 tum
1086 1656 1130 1702 in
1156 1656 1394 1704 concioni-

101 1730 188 1777 bus
206 1765 220 1788 ,
241 1729 368 1793 supra
387 1747 523 1794 quam
544 1731 739 1778 enarrari
770 1730 919 1793 poffit,
943 1731 1248 1794 eloquentem.
1276 1733 1395 1792 Quis

102 1819 310 1867 unquam
342 1803 586 1850 Camillum
623 1803 804 1850 brevius
839 1804 911 1852 vel
949 1804 1125 1868 dignius
1159 1804 1359 1852 laudavit
1379 1841 1395 1863 ,

102 1893 239 1939 quam
267 1877 346 1923 ubi
371 1877 507 1925 Livio
532 1877 592 1924 est
617 1881 684 1925 vir
709 1881 857 1924 unicus
882 1897 987 1938 pace
1018 1875 1060 1923 δ’
1091 1881 1194 1924 bello
1213 1881 1236 1924 .)
1275 1870 1396 1938 Quis

105 1951 332 1996 Catonem
351 1986 365 2009 ,
389 1967 526 2013 quam
557 1967 612 1997 ex
647 1950 781 1998 Livio
815 1950 1126 2014 Hieronymus
1156 1952 1399 2000 Prooemio

103 2022 182 2070 lib.
211 2041 250 2070 2.
289 2023 336 2070 in
371 2023 562 2070 Oseam:
599 2025 732 2080 Cujus
757 2029 897 2087 gloriae
930 2045 1052 2086 neque
1081 2025 1247 2085 profuit
1277 2030 1395 2089 quis-

105 2116 231 2159 quam
249 2099 469 2144 laudando
482 2133 494 2154 ‚
513 2116 584 2143 nec
601 2101 872 2159 vituperando
888 2101 1101 2160 qusfiyuczm
1120 2103 1280 2155 nocuit,
1301 2119 1395 2149 cum

106 2185 318 2230 utrumque
333 2170 521 2229 summis
545 2171 715 2229 praediti
732 2169 910 2228 fecerint
935 2173 1137 2232 ingeniis.
1165 2169 1397 2232 Inprimis-

105 2257 194 2304 que
229 2241 500 2289 admirabilis
533 2241 594 2287 est
621 2241 670 2288 in
702 2242 1038 2288 narrationibus
1067 2258 1213 2288 rerum
1247 2242 1394 2302 majo-

105 2333 205 2363 rum
231 2319 280 2364 &
301 2317 472 2364 ornatis
490 2353 503 2376 ‚
522 2330 571 2364 ut
599 2318 653 2365 de
682 2318 879 2364 Horatiis
908 2319 957 2366 &
981 2316 1194 2365 Curiatiis
1213 2335 1227 2372 ;
1249 2317 1294 2362 in
1318 2317 1396 2362 de-

106 2388 426 2453 scriptionibus
455 2408 596 2454 porro
623 2408 772 2438 rerum
797 2393 845 2441 &
870 2392 1105 2447 locorum,
1128 2390 1323 2453 denique
1346 2390 1395 2436 ia

84 2488 88 2492 ·
109 2463 284 2529 Elogiis
311 2464 521 2516 virorum
546 2481 842 2530 magnorum,
863 2476 913 2513 ut
940 2464 1226 2522 Hannibalis,
1249 2462 1401 2522 fabii„

1001 2537 1027 2586 f
1066 2556 1088 2601 3
