1680 2803
277 202 403 236 λων
667 187 1244 233 TITILIVII

336 338 418 405 T.
479 321 827 404 LIVIUS
880 334 1514 404 PATAVINUS

281 479 765 529 HISTORICORUM
811 476 1023 523 LATINI
1061 477 1324 525 NOMINIS
1360 479 1577 526 FACILE

279 568 570 616 PRINCEPS
641 565 830 612 CUJUS
889 564 1192 613 LACTEAM
1246 569 1578 628 ELOQUEN-

279 654 436 701 TIAM
467 651 642 699 AETAS
662 650 797 696 ILLA
823 649 975 710 QUAE
1002 649 1281 697 VIRTUTE
1309 650 1577 697 PARITER

281 739 367 787 AC
402 735 797 784 ERUDITIONE
831 736 1148 782 FLOREBAT
1178 736 1355 783 ADEO
1388 737 1579 783 ADMI-

280 825 451 873 RATA
477 822 589 870 EST
611 820 698 869 UT
719 821 916 867 MULTI
937 821 1171 868 ROMAM
1196 822 1334 869 NON
1358 821 1444 868 UT
1465 821 1581 868 UR-

280 914 410 962 BEM
442 911 666 961 RERUM
701 911 1198 958 PULCHERRIMAM
1237 909 1365 956 AUT
1410 907 1583 956 URBIS

283 999 368 1047 ET
401 997 575 1045 ORBIS
621 997 935 1044 DOMINUM
987 997 1419 1045 OCTAVIANUM
1467 993 1584 1040 SED

284 1089 374 1137 UT
401 1086 580 1133 HUNC
601 1087 807 1133 VIRUM
836 1087 1210 1134 INVISERENT
1231 1082 1589 1135 AUDIRENT-

285 1181 421 1243 QUE
445 1181 483 1225 A
515 1178 786 1225 GADIBUS
811 1178 1116 1224 PROFECTI
1152 1175 1304 1222 SINT.
1342 1174 1449 1221 HIC
1478 1172 1586 1219 RES

287 1269 502 1315 OMNES
554 1267 718 1327 QUAS
764 1265 1039 1313 POPULUS
1079 1262 1390 1310 ROMANUS
1427 1260 1587 1306 PACE

286 1351 619 1411 BELLOQUE
658 1350 866 1396 GESSIT
900 1348 1428 1410 QUATUORDECIM
1471 1347 1589 1393 DE-

287 1442 561 1488 CADIBUS
587 1441 743 1487 MIRA
762 1440 912 1487 STILI
934 1440 1293 1487 FELICITATE
1315 1438 1589 1485 COMPLE-

288 1528 410 1578 XUS
452 1527 554 1574 SIBI
584 1526 666 1573 AC
712 1525 953 1572 PATRIAE
1004 1524 1293 1572 GLORIAM
1336 1521 1593 1572 PEPERIT

681 1614 1028 1662 SEMPITERN
1031 1614 1122 1660 AM
1128 1648 1139 1660 .

358 1749 574 1799 Cernitur
591 1752 641 1799 δε
658 1748 735 1800 hic
752 1748 1070 1801 vetustiffimus
1098 1747 1209 1813 lapis
1230 1747 1277 1796 in
1293 1746 1460 1796 aedibus
1480 1742 1592 1801 Ale-j

295 1834 456 1884 xandri
491 1833 680 1882 Baffiani
703 1852 715 1882 ε

505 1971 587 2040 Τ.
731 1963 1384 2038 LIVIUS

859 2108 918 2156 T.
984 2108 1034 2155 L.

509 2214 1401 2266 OPTATUSAN.„XV.

366 2360 424 2406 Et
455 2356 554 2405 haec
590 2355 824 2419 inscriptio
856 2353 902 2400 in
938 2349 1279 2400 ZabareIlorum
1316 2347 1415 2395 aula
1446 2345 1500 2394 ad
1534 2346 1602 2394 Di

302 2439 530 2490 Laurentii
553 2439 632 2487 sub
657 2438 855 2501 ejusdem
880 2435 1025 2501 effigie
1054 2434 1171 2499 pffia
1186 2470 1202 2495 ,
1224 2433 1408 2486 ειιιᾶοτε
1426 2432 1601 2480 Joanne

301 2523 511 2576 Cavacio
545 2521 770 2573 Patavino
795 2539 806 2570 ε
