1582 2793
298 141 1150 198 H15TOR1A1-zurx11„1ss.1.
1322 169 1373 219 35

86 263 155 294 res
171 284 184 305 ‚
217 248 266 295 &
286 248 465 313 neganti
486 250 662 298 Albano
693 252 866 300 bellum
895 255 941 300 in
969 256 1242 321 trigesimum
1263 261 1381 308 diem

87 314 356 369 indixerant.
408 323 506 371 haec
547 327 808 373 renuntiant
856 327 1011 375 Tullo.
1062 334 1180 379 Tum
1226 335 1378 398 legatis

85 394 249 441 Tullus
289 394 468 441 dicendi
506 397 773 458 potestatem
792 435 807 456 ‚
848 399 958 462 quid
997 414 1197 463 petentes
1238 423 1380 452 vene-

86 465 210 523 rint,
242 465 363 512 facit.
395 466 489 525 illi,
521 468 725 515 omnium
758 470 934 534 ignari,
969 473 1160 535 primum
1190 494 1382 541 purgan-

86 539 148 584 do
176 551 327 586 terunt
354 553 558 603 tempus:
590 548 643 589 Se
670 547 829 590 invitos
859 549 1090 607 quidquam
1111 584 1123 606 ‚
1154 555 1266 611 quod
1297 556 1384 598 mi-

83 632 164 660 nus
187 619 357 675 placeat
388 617 540 672 Tullo,
576 619 756 664 diHuros
771 638 790 674 ;
807 620 892 679 fid
916 623 1087 681 imperio
1105 623 1255 685 fitbigi
1271 643 1287 669 .·
1321 643 1383 671 res

83 692 292 749 repetitum
307 690 356 750 fi’
375 690 533 753 verziffi’.
559 694 626 737 Ni
644 696 898 748 reddantur,
921 697 1070 740 bellum
1092 700 1269 743 indicere
1282 699 1377 758 just

73 763 165 823 sbs.
209 764 280 809 Ad
314 764 410 810 haec
442 764 631 811 Tullus:
659 769 892 825 Nuntiate,
925 767 1098 832 inquit,
1130 775 1213 833 regi
1233 773 1382 836 vcstso,

83 852 209 896 regem
228 836 469 881 Romanum
500 838 622 882 Deos
645 838 786 895 fizcere
814 840 925 905 testes
940 876 956 896 ,
988 858 1076 887 uter
1091 846 1214 902 prius
1243 863 1381 904 popu·

83 913 150 954 lus
189 927 250 955 res
284 926 497 970 repetentes
534 914 691 971 legatos
721 913 966 972 aspernatus
1000 915 1202 973 dimiserit
1218 950 1233 971 ,
1260 931 1308 961 uc
1335 918 1382 962 in

81 1001 174 1028 cum
193 1000 333 1027 omnes
365 998 560 1043 expetant
581 982 752 1043 lmjufie
774 987 911 1028 clades
930 987 1039 1030 belli.

144 1052 314 1098 XXIII.
345 1053 454 1099 Haec
476 1052 685 1099 nuntiant
703 1053 888 1099 domum
911 1054 1090 1101 Albani.
1126 1056 1182 1100 Et
1206 1054 1375 1104 bellum

82 1124 295 1188 utrinque
326 1122 493 1171 summa
518 1141 607 1188 ope
639 1125 907 1188 parabatur,
944 1125 1071 1172 civili
1102 1125 1376 1176 simillimum

79 1196 203 1243 bello
225 1232 239 1255 ‚
273 1213 418 1260 prope
449 1198 566 1244 inter
601 1210 809 1260 parentes
847 1197 1092 1262 natosque,
1122 1198 1374 1262 Trojanam

77 1283 314 1336 utramque
339 1271 513 1335 prolem
530 1308 543 1331 ‚
578 1288 682 1319 cum
703 1271 945 1319 Lavinium
966 1273 1020 1319 ab
1037 1272 1206 1335 Troja,
1226 1275 1281 1321 ab
1300 1278 1376 1323 La-

79 1344 213 1392 vinio
241 1345 388 1402 Alba,
422 1346 476 1393 ab
507 1345 793 1393 Albanorum
829 1345 962 1409 stirpe
996 1363 1151 1410 regum
1187 1348 1372 1397 oriundi

75 1418 272 1465 Romani
291 1417 440 1466 effent.
464 1421 665 1465 Eventus
683 1430 833 1465 tamen
855 1417 961 1464 belli
979 1418 1128 1465 minus
1146 1418 1370 1467 miserabi-

76 1490 163 1537 lem
184 1490 526 1539 dimicationem
545 1490 675 1538 fecit:
691 1491 816 1555 quod
839 1508 920 1538 nec
937 1491 1031 1538 acie
1047 1505 1266 1540 certatum
1283 1494 1368 1552 est3

76 1566 127 1612 &
139 1600 154 1624 ‚
179 1565 303 1611 teffis
324 1566 466 1612 modo
488 1565 647 1612 dirutis
665 1565 844 1611 alterius
863 1565 984 1612 urbis
998 1601 1012 1624 ‚
1031 1566 1124 1614 duo
1143 1568 1303 1631 populi
1320 1569 1368 1615 in

75 1653 217 1682 unum
236 1637 412 1684 confufi
432 1637 542 1684 sunt.
574 1635 737 1684 Albani
765 1637 940 1700 priores
968 1638 1140 1702 ingenti
1163 1641 1368 1688 exercitu

74 1708 122 1756 in
140 1727 295 1774 agrum
314 1712 576 1758 Romanum
595 1711 814 1774 impetum
837 1709 995 1758 fecere.
1017 1711 1156 1760 castra
1184 1714 1239 1760 ab
1258 1717 1368 1762 urbe

73 1781 192 1829 haud
217 1784 318 1847 plus
337 1785 541 1849 quinque
564 1783 704 1832 millia
721 1783 922 1846 paffuum
947 1784 1132 1844 locant,
1147 1785 1259 1833 fofl'a
1280 1788 1368 1834 cir·

73 1857 312 1905 cumdant:
347 1857 456 1905 fossa
474 1857 640 1905 Cluilia
665 1857 719 1904 ab
737 1858 924 1904 nornine
945 1858 1069 1905 ducis
1087 1876 1167 1922 per
1189 1860 1367 1924 aliquot

71 1928 219 1976 secula
248 1931 469 1994 appellata
497 1931 587 1989 est,
616 1931 763 1978 donec
786 1947 888 1978 cum
915 1948 963 1977 re
987 1947 1157 1978 nomen
1178 1949 1366 1997 quoque

72 2003 289 2052 vetustate
308 2005 524 2054 abolevit.
546 2007 594 2052 In
611 2005 678 2053 his
695 2003 845 2053 castris
859 2006 1051 2054 Cluilius
1065 2007 1266 2055 Albanus
1284 2026 1365 2057 rex

70 2076 285 2134 moritur3
302 2079 934 2127 diRatoremAlbaniMettum
947 2083 977 2126 F
980 2080 1183 2128 uffetium
1197 2096 1364 2132 creant.

71 2151 254 2198 Interim
268 2153 430 2200 Tullus
451 2153 582 2201 ferox
597 2189 610 2213 ‚
640 2155 870 2218 praecipue
890 2167 1038 2201 morte
1064 2155 1181 2219 regis
1197 2191 1211 2215 ,
1239 2174 1362 2222 mag-

70 2240 270 2288 numque
287 2227 496 2274 Deorum
514 2245 683 2276 numen
698 2265 712 2288 ‚
737 2229 791 2275 ab
820 2227 917 2292 ipso
941 2227 1086 2292 capite
1104 2229 1251 2276 orsum
1269 2265 1284 2288 ,
1313 2231 1362 2277 in

72 2315 210 2346 omne
234 2316 402 2347 nomen
429 2302 653 2350 Albanum
672 2304 978 2367 expetiturum
1005 2320 1165 2366 poenas
1183 2304 1245 2349 ob
1262 2304 1362 2350 bel-

70 2370 166 2417 lum
182 2372 372 2436 impium
390 2375 594 2423 diffitans
607 2412 620 2435 ,
638 2378 794 2435 noete,
815 2376 1052 2440 praeteritis
1070 2376 1264 2423 hostium
1284 2393 1361 2423 ca-

71 2442 196 2502 stris,
219 2444 382 2493 infesto
406 2442 607 2496 exercitu
626 2449 674 2497 in
695 2467 854 2514 agrum
872 2449 1098 2497 Albanum
1119 2449 1274 2512 pergit.
1297 2451 1359 2497 Ea

961 2531 1065 2577 Ca
