1582 2793
201 200 288 232 112
548 143 1117 232 T‘1T1L1v11

193 295 311 343 libus
327 331 340 354 ,
359 293 435 358 qui
459 310 514 341 ex
536 311 592 341 eo
612 293 821 342 venirent
852 310 957 358 agro
972 329 985 353 ,
1007 291 1241 357 appellata.
1281 293 1458 359 Appius
1465 307 1484 356 ,'

193 371 314 419 inter
334 371 478 416 Patres
499 369 634 416 lectus
652 407 666 429 ‚
697 371 815 417 haud
842 369 899 415 ita
929 368 1075 414 multo
1099 368 1199 431 post
1230 368 1485 432 inprinci-

192 463 304 510 pum
326 446 629 509 dignationem
651 444 874 505 ptrvenit.
909 442 1156 500 Consules,
1177 441 1341 488 infesto
1359 458 1487 489 exer«

193 519 290 566 citu
323 519 370 565 in
403 533 554 582 agnini
594 517 804 562 Sabinum
840 513 1030 577 profecti
1052 549 1065 572 ‚
1103 532 1203 561 cum
1239 515 1301 561 ita
1335 513 1485 561 vasta-

192 593 349 652 tione,
384 593 484 639 dein
517 591 714 654 prodo,
747 588 1000 635 afflixifl'ent
1028 603 1138 650 opes
1170 587 1397 646 hostium,
1432 600 1483 636 ut

191 666 272 712 diu
307 665 418 711 nihil
453 665 553 709 inde
587 661 849 709 rebellionis
887 659 1045 706 timere
1080 660 1284 722 possent,
1320 661 1484 707 trium-

190 741 381 805 phantes
415 741 607 785 Romam
641 737 885 784 redierunt.
924 736 970 781 P.
1001 733 1208 781 Valerius
1227 770 1241 793 ‚
1273 735 1481 782 omnium

190 812 412 860 consensu
432 811 639 874 princeps
656 811 762 857 belli
779 807 989 873 pacisque
1007 806 1200 865 artibus,
1214 825 1336 855 anno
1357 809 1483 872 post,

188 886 392 949 Agrippa
428 884 646 930 Menenio
664 919 677 942 ‚
709 884 758 930 P.
787 879 1019 929 Postumio
1054 879 1315 927 consulibus
1335 916 1349 939 ,
1378 898 1485 928 mo·

189 961 336 1018 titur,
365 959 509 1023 gloria
531 958 732 1022 ingenti,
764 956 910 1020 copiis
928 954 1221 1002 familiaribus
1253 955 1366 1002 adeo
1388 955 1485 1002 exi-

192 1035 292 1098 guis
310 1070 324 1093 ,
361 1046 412 1080 ut
432 1032 579 1079 funeri
612 1032 778 1079 sumtus
804 1030 990 1078 deess'et:
1025 1029 1078 1075 de
1099 1027 1287 1092 publico
1306 1029 1368 1076 est
1394 1030 1483 1077 ela-

189 1121 279 1156 tus.
321 1109 495 1152 Luxere
530 1119 785 1163 matronae‚
817 1115 866 1149 ut
900 1104 1102 1149 Brutum.
1151 1101 1324 1148 Eodem
1361 1118 1484 1149 anno

192 1182 296 1228 duae
333 1181 532 1227 coloniae
558 1180 760 1237 Latinae,
790 1177 994 1225 Pometia
1028 1178 1079 1224 &
1112 1177 1266 1234 Cora,
1304 1175 1359 1222 ad
1390 1179 1484 1223 Au-

189 1270 359 1301 runcos
396 1251 624 1300 deficiunt.
668 1270 772 1300 cum
807 1251 1031 1298 Auruncis
1079 1249 1247 1296 bellum
1287 1249 1481 1297 initum:

189 1325 380 1389 fusoque
400 1325 571 1390 ingenti
601 1327 833 1384 exercitu,
863 1324 942 1388 qui
970 1323 1013 1370 se
1042 1320 1394 1385 ingredientibus
1422 1321 1482 1368 fi-

190 1417 270 1447 nes
300 1399 562 1446 consulibus
593 1399 805 1446 ferociter
840 1397 1265 1453 obtulerat‚xornne
1294 1397 1482 1443 Aurun—

189 1491 298 1520 cum
324 1473 493 1520 bellum
515 1473 764 1520 Pometiam
795 1470 1079 1534 compulsum
1109 1468 1185 1516 est.
1218 1469 1316 1516 Nec
1343 1469 1482 1533 magis

190 1548 293 1611 post
326 1547 538 1610 proelium
558 1584 572 1606 ‚
604 1564 740 1612 quam
769 1545 813 1592 in
841 1544 1012 1609 proelio
1033 1579 1046 1601 ‚
1078 1542 1274 1590 caedibus
1305 1554 1482 1606 tempe-

187 1632 339 1668 ratum
369 1619 444 1666 est.
493 1622 543 1667 &
575 1621 675 1668 caefi
708 1619 941 1683 aliquanto
975 1617 1124 1680 plures
1160 1627 1311 1674 erant,
1345 1632 1482 1679 quam

191 1691 342 1754 capti;
375 1693 426 1739 &
456 1706 615 1755 captos
651 1693 801 1756 passim
832 1691 1187 1739 trucidaverunt.
1226 1706 1283 1735 ne
1313 1689 1369 1736 ab
1398 1689 1481 1736 ob-

189 1765 355 1813 fidibus
375 1764 554 1827 quidem
570 1802 583 1823 ‚
611 1767 689 1830 qui
709 1765 899 1813 trecenti
920 1764 1094 1826 accepti
1114 1779 1305 1809 numero
1330 1775 1481 1822 erant,

190 1838 301 1887 iram
320 1839 424 1885 belli
439 1839 577 1888 hostis
596 1840 819 1887 abstinuit.
840 1841 895 1886 Et
911 1839 1000 1886 hoc
1015 1853 1137 1883 anno
1149 1837 1308 1882 Romae
1322 1836 1481 1883 trium-

189 1912 392 1976 phatum.

256 1987 398 2032 XVII.
437 1982 585 2031 Secuti
616 1983 853 2043 consules,
877 1984 1042 2047 Opiter
1061 1982 1296 2048 Virginius
1325 1984 1377 2031 δε
1403 1984 1478 2046 Sp.

189 2058 385 2117 Caffius,
401 2058 651 2105 Pometiam
674 2059 824 2121 primo
846 2058 925 2117 vi,
950 2058 1109 2104 deinde
1132 2057 1279 2104 vineis
1295 2055 1478 2120 aliisque

189 2133 408 2193 operibus
423 2169 436 2190 ‚
456 2145 855 2196 oppugnaverunt.
888 2133 934 2178 in
953 2148 1068 2196 quos
1089 2131 1321 2188 Aurunci,
1340 2130 1478 2194 magis

189 2200 279 2265 jam
305 2203 569 2267 inexpiabili
590 2205 725 2264 odio,
756 2223 889 2269 quam
911 2205 984 2268 spe
1012 2205 1161 2267 aliqua
1183 2215 1258 2250 aut
1279 2203 1479 2249 occasio—

189 2292 270 2334 ne,
284 2277 459 2334 coorti,
480 2295 584 2324 cum
600 2278 747 2340 plures
768 2278 885 2341 igni,
901 2295 1035 2341 quam
1054 2276 1198 2335 ferro,
1217 2276 1374 2323 armati
1395 2292 1478 2322 ex-

186 2348 513 2407 cucurriss'ent,
548 2350 668 2396 caedc
701 2350 1005 2412 incendioque
1036 2350 1195 2396 cuncta
1228 2349 1475 2411 complent.

189 2420 339 2467 vineis
370 2421 590 2480 incenfis,
626 2422 778 2468 multis
813 2410 1287 2470 hostium-vulneratis
1323 2423 1373 2469 &
1395 2438 1476 2468 oc-

195 2493 321 2551 cifis,
342 2494 581 2543 consulum
612 2512 797 2559 quoque
819 2496 1034 2553 alterum,
1059 2495 1165 2559 (sed
1191 2509 1365 2557 utrum,
1390 2510 1477 2542 no·-
