1582 2793
137 118 231 175 ³146
490 114 1053 166 T1T1L1V11

133 223 402 272 rebellantes
428 223 621 272 Volscos
642 226 692 273 &
710 227 905 290 AEquos‚
929 227 1044 274 duce
1065 222 1277 286 AEmilio‚
1312 242 1426 291 pro·-

131 297 260 362 spera
283 315 431 362 pugna
448 299 614 346 vicere.
645 299 748 346 Plus
770 312 917 348 tamen
937 301 1130 348 hostium
1147 301 1272 365 fuga,
1286 318 1425 364 quam

133 370 617 435 proelium,absumfit.
646 372 758 418 adeo
783 373 1071 435 pertinaciter
1100 373 1221 420 fusos
1251 373 1425 421 insecu-

132 446 169 492 ti
204 445 304 491 sunt
333 445 521 507 equites.
559 444 757 492 Castoris
793 446 907 491 aedes
931 447 1093 493 eodem
1122 464 1243 493 anno
1274 447 1425 495 Idibus

132 517 441 578 Quinctilibus
476 517 677 563 dedicata
707 516 780 562 est.
815 529 930 563 vota
957 530 1052 565 erat
1080 519 1243 565 Latino
1271 519 1428 579 bello,'

52 579 59 584 ⁹
129 591 365 640 Postumio
398 591 623 638 dictatore.
655 589 772 636 filius
801 588 926 650 ejus,
956 591 1174 639 duumvir
1193 594 1248 641 ad
1279 594 1325 641 id
1351 595 1424 658 ip·—

131 667 228 716 sum
252 680 451 724 creatus,
475 663 721 711 dedicavit.
749 664 992 711 Sollicitati
1020 667 1070 713 &
1100 683 1156 713 eo
1178 684 1300 714 anno
1321 667 1424 717 sunt

130 740 368 787 dulcedine
390 740 573 803 agrariae
604 737 713 801 legis
745 737 883 784 animi
912 737 1069 801 plebis,
1103 739 1298 787 Tribuni
1322 741 1425 804 ple·

130 814 200 862 bis
234 814 500 877 popularem
537 811 803 876 potestatem
841 812 939 875 lege
976 812 1187 874 populari
1222 815 1424 862 celebra-

128 889 254 937 bant.
288 890 436 936 Patres
454 925 466 947 ‚
490 887 589 934 satis
608 887 827 951 superque
849 885 1030 950 gratuiti
1050 886 1216 936 furoris
1237 889 1284 935 in
1306 890 1422 936 mul-

128 963 322 1012 titudine
341 963 571 1009 credentes
590 961 698 1018 effe,
717 960 976 1023 largitiones
994 962 1342 1025 temeritatisque
1358 963 1420 1011 in-

127 1037 377 1086 vitamenta
409 1034 669 1080 horrebant.
718 1034 922 1079 acerrimi
955 1033 1157 1080 Patribus
1194 1035 1329 1081 duces
1364 1036 1425 1084 ad·

128 1099 417 1158 resistendum
456 1105 664 1154 consules
697 1105 833 1153 fuere.
873 1109 935 1153 Ea
971 1107 1109 1170 igitur
1136 1124 1236 1170 pars
1267 1109 1422 1173 reipu-

126 1184 258 1232 blicae
284 1182 411 1230 vicit.
442 1197 526 1227 nec
557 1179 603 1226 in
634 1178 826 1242 praesens
856 1180 1025 1237 modo,
1060 1180 1201 1227 sedin
1228 1182 1420 1229 venien-

127 1271 220 1305 tem
245 1255 378 1303 etiam
406 1271 572 1300 annum
598 1255 661 1299 M.
687 1253 873 1301 Fabium
901 1253 1103 1300 Caesonis
1137 1253 1345 1314 fratrem,
1369 1257 1422 1304 δε

125 1327 266 1392 magis
297 1326 493 1373 invisum
525 1325 715 1373 alterum
745 1324 865 1389 plebi
905 1325 1193 1375 accusatione
1222 1331 1297 1393 Sp.
1314 1327 1422 1377 Cas-

125 1404 172 1450 fii
190 1438 204 1461 9
224 1404 272 1448 L.
294 1400 525 1446 Valerium
548 1398 755 1447 consules
784 1400 919 1447 dedit.
958 1402 1192 1449 Certatum
1212 1420 1270 1450 eo
1293 1420 1416 1468 quo-

124 1493 214 1541 que
244 1490 366 1522 anno
390 1493 493 1522 cum
521 1473 711 1520 tribunis
736 1474 809 1521 est.
840 1491 959 1521 vana
987 1475 1089 1535 lex,
1119 1477 1315 1541 vanique
1348 1477 1419 1525 le-

125 1551 194 1614 gis
225 1549 427 1595 auftores
450 1584 464 1607 ‚
497 1547 704 1610 jactando
738 1548 914 1595 irritum
948 1567 1140 1610 munus,
1174 1551 1291 1600 faeti.
1335 1554 1418 1599 Fa-

123 1626 248 1673 bium
279 1623 383 1670 inde
412 1640 580 1670 nomen
613 1624 771 1688 ingens
801 1624 901 1687 post
922 1636 1012 1672 tres
1033 1625 1278 1673 continuos
1303 1642 1416 1673 con-

122 1699 288 1746 sulatus
307 1733 320 1755 ,
354 1713 543 1761 unoque
567 1698 692 1747 velut
721 1709 882 1745 tenore
915 1714 1076 1745 omnes
1102 1711 1314 1762 expertos
1336 1700 1417 1747 tri-

121 1775 317 1823 buniciis
357 1768 709 1833 certaminibus,
743 1774 957 1822 habitum.
1003 1775 1180 1839 itaque,
1215 1787 1265 1823 ut
1298 1776 1415 1825 bene

121 1847 331 1905 locatus,
367 1845 526 1892 mansit
558 1845 605 1892 in
637 1862 689 1892 ea
726 1845 895 1892 familia
930 1846 1209 1910 aliquamdiu
1246 1847 1415 1896 honos.

121 1921 295 1968 Bellum
321 1919 424 1966 inde
449 1918 616 1981 Veiens
648 1918 838 1976 initum;
873 1921 924 1967 &
941 1919 1096 1967 Volsci
1125 1919 1413 1968 rebellarunt.

121 1993 195 2039 sed
215 1993 268 2038 ad
292 1992 407 2038 bella
433 2003 617 2037 externa
638 2007 781 2054 prope
801 1990 1062 2054 supererant
1085 1991 1234 2038 vires:
1258 1991 1415 2048 abute-

120 2065 375 2128 banturque
394 2066 447 2111 iis
460 2064 576 2110 inter
590 2064 847 2127 semetipsos
860 2065 1087 2111 certando.
1108 2064 1337 2112 Accessere
1355 2064 1411 2111 ad

119 2156 260 2202 aegras
282 2137 366 2199 jam
397 2137 604 2184 omnium
636 2149 809 2185 mentes
829 2137 1036 2200 prodigia
1063 2136 1282 2195 coelestia,
1302 2152 1412 2200 pro·

121 2230 180 2277 pe
210 2213 499 2276 quotidianas
529 2214 574 2258 in
599 2215 708 2259 urbe
730 2213 934 2277 agrisque
964 2213 1231 2260 ostentantia
1254 2213 1412 2261 minas.

121 2285 327 2348 motique
353 2285 417 2332 ira
437 2285 632 2331 numinis
652 2287 829 2333 causam
847 2286 1015 2332 nullam
1043 2287 1173 2332 aliam
1194 2298 1319 2335 vates
1338 2302 1412 2334 ca·

122 2359 326 2416 nebant,
364 2359 545 2422 publice
583 2359 888 2423 privatimque
938 2377 1059 2408 nunc
1107 2360 1253 2418 extis,
1290 2376 1414 2407 nune

117 2448 204 2498 ‘per
242 2449 346 2482 aves
377 2432 604 2492 consulti,
627 2450 761 2497 quam
783 2433 901 2482 haud
920 2434 1004 2483 rite
1035 2433 1154 2482 sacra
1185 2432 1295 2482 fieri.
1333 2433 1412 2499 qui
