1680 2803
271 183 476 224 LXXXVI
587 173 955 219 NOTITIA
998 173 1464 220 LITERARJA

271 280 499 344 Scipionis
516 315 530 340 ,
556 297 657 345 quae
679 279 791 328 solet
812 279 885 328 vel
909 279 953 325 in
981 279 1210 342 principio
1243 297 1394 326 rerum
1425 280 1481 328 ab
1510 280 1566 329 iis

271 355 508 418 gestarum,
525 355 601 401 vel
619 353 719 417 post
735 354 896 401 mortis
912 354 1214 402 narrationem
1230 371 1416 418 ponere.
1431 359 1566 405 Henr.

273 433 368 478 Clzr.
389 431 527 476 Crellii
548 429 601 475 de
626 429 682 475 T.
703 430 753 476 L.
774 429 973 475 diffione
995 446 1145 494 progr.
1169 430 1339 493 prodiit
1356 428 1568 478 Francos.

268 504 326 550 ad
348 503 500 551 Viadr.
529 520 662 565 1729.
686 520 730 562 4.
755 503 907 563 Ejusd.
925 502 978 548 de
998 503 1053 549 T.
1075 503 1213 550 Livio
1232 504 1456 567 aptiffimo
1478 502 1565 551 stili

267 578 477 626 cultioris
500 577 710 642 magistro
729 613 740 633 ‚
773 576 881 624 ibid.
917 593 1049 638 1732.
1077 595 1122 636 4.
1168 579 1242 625 De
1278 579 1415 626 laetea
1445 577 1566 625 Livii

266 653 468 699 ubertate
490 651 600 714 disp.
622 650 791 714 scripsit
814 655 853 700 J.
879 654 940 699 H.
965 655 1170 698 Parreidt.
1189 652 1305 714 Lips.
1331 655 1465 714 1746.
1486 654 1565 700 De

266 723 405 770 Livio
427 723 609 787 ejusque
634 723 880 770 virtutibus
910 723 1002 771 diff.
1033 726 1102 772 J0.
1129 728 1221 771 Cf'zr.
1244 728 1444 787 Briegleb.
1468 727 1564 773 Co-

266 799 396 861 burg.
417 799 544 859 1778.
572 796 818 844 Orationes
837 796 928 842 five
951 797 1216 843 Conciones
1232 797 1423 844 CXCIII
1444 813 1467 843 e
1491 797 1564 844 Li-

267 871 352 920 vio
368 882 592 934 excerptae
615 887 718 917 cum
740 868 859 915 notis
875 869 1025 916 Joach.
1038 869 1236 916 Perionii
1253 905 1265 927 ‚
1278 868 1410 917 Paris.
1428 883 1563 933 1532,

267 947 311 993 8.
336 948 478 993 Antv.
510 958 644 1009 1535.
667 945 709 991 8.
731 944 781 991 &
798 943 923 990 Bafil.
957 960 1089 1007 1545.
1110 944 1151 991 8.
1172 943 1279 990 item
1301 960 1324 990 e
1346 942 1484 991 Livio
1511 944 1564 994 δε

266 1018 364 1065 aliis
382 1016 576 1074 Latinis,
599 1029 695 1063 tum
715 1015 889 1063 Graecis
912 1033 1096 1080 quoque
1117 1015 1353 1062 Historicis
1375 1032 1562 1079 excerp-

265 1104 323 1139 tae
342 1108 449 1138 cura
469 1092 526 1137 H.
540 1089 750 1153 Stephani
768 1089 1034 1152 prodierunt
1048 1107 1085 1137 a.
1103 1104 1233 1153 1570.
1253 1088 1285 1137 f.
1305 1092 1454 1153 Atque
1473 1090 1563 1137 illae

265 1165 451 1229 quidem
471 1181 494 1210 e
513 1163 682 1210 Latinis
710 1162 950 1210 Historicis
973 1162 1230 1227 frequenter
1253 1162 1415 1211 deinde
1432 1179 1563 1209 recu-

263 1237 320 1285 sae
349 1237 476 1295 sunt,
503 1237 716 1284 Coloniae
737 1239 787 1284 &
805 1237 852 1284 in
877 1236 1030 1301 Belgio
1047 1273 1061 1295 ,
1083 1248 1179 1284 tum
1199 1236 1354 1299 Lipsiae
1375 1272 1388 1293 ,
1406 1236 1570 1286 Joach.·

265 1311 465 1358 Gesenio
489 1310 745 1358 recensente
763 1345 776 1366 ,
798 1310 993 1373 denique
1018 1327 1072 1357 ex
1094 1310 1376 1358 accuratiore
1402 1327 1560 1374 recog-

264 1384 443 1432 nitione
464 1382 784 1446 Christophori
810 1382 997 1430 Cellarii
1019 1385 1075 1430 V.
1096 1384 1152 1430 C.
1175 1382 1287 1445 Lips.
1326 1385 1462 1447 1699.
1489 1401 1560 1432 12.

263 1457 335 1503 Sic
373 1455 419 1501 in
458 1454 703 1502 Orationes
738 1471 762 1502 e
800 1455 963 1502 decade
1002 1455 1133 1502 tertia
1175 1455 1467 1503 Rhetoricam
1508 1458 1561 1506 &

263 1528 541 1576 dialeCIicam
562 1527 764 1592 analysm
791 1528 1028 1576 contexuit
1042 1565 1055 1587 ,
1074 1530 1123 1576 &
1142 1523 1451 1588 miscellanea,
1473 1530 1561 1576 ob-

264 1602 548 1650 servationes
568 1638 582 1661 ,
611 1604 659 1650 &
696 1602 1075 1666 apophthegmata
1111 1620 1135 1650 a
1166 1602 1208 1649 se
1241 1615 1423 1650 enotata
1453 1603 1560 1652 sub-

263 1675 416 1739 junxit
457 1676 739 1723 Reinhardus
782 1677 1022 1724 Lorichius
1068 1677 1388 1736 Hadamarius‚
1418 1681 1561 1729 Fran-3

264 1748 359 1797 cof.
389 1764 522 1812 1537.
554 1749 596 1795 8.
635 1748 881 1796 Orationes
906 1750 1043 1797 rectas
1061 1749 1107 1796 in
1127 1748 1262 1797 Livio
1282 1751 1332 1797 &
1348 1748 1560 1797 Sallustio

264 1821 377 1867 olim
415 1821 703 1883 reprehendit
741 1822 984 1885 Pompeius
1013 1826 1220 1887 Trogus,
1245 1821 1354 1869 teste
1385 1821 1561 1872 Iustino

264 1894 542 1951 XXXVIII,
563 1911 606 1953 4.
636 1893 782 1941 nullas
805 1894 883 1942 nifi
902 1895 1110 1960 obliquas
1130 1896 1176 1942 in
1196 1894 1381 1942 historia
1400 1894 1561 1946 ferenS.

267 1966 431 2028 Neque
459 1966 645 2013 dubium
667 1966 727 2013 est
742 2003 755 2026 ,
777 1967 1025 2016 Orationes
1047 1967 1267 2030 ejusmodi
1289 1967 1470 2015 Livium
1501 1984 1560 2016 ex

264 2037 451 2101 ingenio
487 2038 566 2085 suo
604 2040 900 2102 probabiliter
935 2041 1264 2104 composuisse,
1295 2054 1347 2089 ut
1376 2040 1560 2089 illustris

263 2115 306 2160 N
315 2113 475 2160 orifius
501 2114 593 2160 diff.
634 2132 670 2161 1.
703 2116 959 2178 Cenotaph.
988 2117 1130 2165 Pisan.
1161 2134 1257 2180 cap.
1299 2134 1336 2163 1.
1367 2116 1559 2162 demon-

265 2184 370 2231 strat
407 2184 618 2247 exemplo
655 2186 800 2247 petito
833 2203 856 2233 e
894 2187 1015 2234 Livii
1049 2190 1283 2246 XXXIV,
1318 2204 1357 2252 5.
1391 2188 1469 2234 ubi
1505 2189 1557 2239 L.

262 2257 470 2305 Valerius
498 2258 704 2325 tribunus
732 2259 988 2319 inducitur,
1017 2263 1079 2308 M.
1108 2262 1275 2309 Porcio
1298 2262 1469 2309 Catoni
1496 2279 1559 2326 37

263 2330 348 2378 vix
381 2349 525 2379 annos
555 2345 661 2379 nato
683 2333 893 2398 Origines
915 2297 995 2398 ipsi
1025 2335 1207 2399 scriptas
1233 2335 1484 2417 objicienS,
1501 2337 1557 2384 de

264 2405 429 2467 quibus
460 2406 534 2452 illa
563 2418 690 2453 aetate
709 2409 828 2454 Cato
851 2425 905 2454 ne
932 2410 1114 2473 quidem
1142 2409 1433 2474 cogitaverat.
1469 2410 1557 2456 Sed

265 2487 363 2527 tota
388 2477 485 2530 haec
512 2478 639 2530 causa
666 2479 980 2534 Orationum
969 2498 1017 2531 m
1037 2481 1262 2534 historicis
1280 2482 1458 2547 latiniS,
1479 2482 1556 2534 hic.
