1582 2793
191 222 280 268 218
541 224 762 271 TITI
840 226 1109 272 LIVII

185 346 208 375 a
233 328 387 392 primis
404 329 595 377 tribunis
617 331 758 393 plebis
774 368 787 390 ,
811 332 965 380 decem
987 333 1127 381 creati
1151 331 1276 391 sunt,
1304 331 1397 380 bini
1420 350 1479 380 ex

183 402 364 465 singulis
385 404 600 451 clastibus.
634 405 784 468 itaque
806 417 985 452 cautum
1005 406 1093 464 est,
1110 419 1160 453 ut
1180 405 1331 468 postea
1355 422 1476 452 crea-

183 488 354 524 rentur.
393 477 583 524 Delefflu
615 477 776 523 deinde
806 478 994 536 habito,
1021 479 1250 526 Minucius
1268 515 1281 535 ,
1314 490 1479 525 contra

183 545 375 594 Sabinos
399 547 624 610 profec'ms
640 585 653 604 ‚
679 565 774 594 non
800 548 981 595 invenit
1000 550 1186 598 hostem.
1225 548 1444 596 Horatius
1462 584 1482 608 ,

185 634 287 665 cum
309 618 394 679 jam
412 621 495 682 AEq
484 621 575 678 ui,
596 620 836 666 Corbione
865 620 1103 669 interfe&0
1127 621 1362 685 praesidio,
1380 623 1479 668 Or-

183 702 343 738 tonam
367 693 497 739 etiam
536 710 631 755 cep
622 693 772 750 Qffent
793 693 853 740 in
870 693 1037 758 Algido
1071 706 1269 759 pugnat.
1309 694 1480 741 multos

184 765 400 811 mortales
423 766 623 811 occidit:
648 765 770 828 fugat
790 765 964 812 hostem
985 782 1082 812 non
1109 783 1164 813 ex
1186 765 1349 829 Algido
1371 782 1478 812 mo-

184 837 278 894 do,
297 836 368 883 {ed
398 856 421 883 a
454 838 694 883 Corbione
725 840 1012 901 Ortonaque.
1039 837 1324 886 Corbionem
1344 837 1480 886 etiam

184 911 325 958 diruit
360 924 546 974 propter
574 912 806 974 proclitum
834 912 1105 974 praefidium.

250 986 428 1032 XXXI.
457 985 637 1031 Deinde
668 987 731 1032 M.
753 985 962 1033 Valerius
979 1022 993 1043 ‚
1013 987 1089 1049 Sp.
1111 985 1343 1050 Virginius
1367 1002 1484 1033 con·

185 1055 297 1104 sules
318 1056 432 1104 faeti.
465 1057 608 1105 Domi
629 1057 827 1122 forisque
845 1059 991 1106 otium
1011 1060 1111 1109 fuit.
1135 1077 1318 1109 annona
1336 1076 1482 1124 prop-

184 1141 253 1176 ter
270 1147 481 1193 aquarum
501 1129 809 1192 intemperiem
832 1131 1084 1179 laboratum
1102 1132 1176 1180 est.
1196 1132 1270 1181 De
1288 1135 1481 1182 Aventi-

185 1221 249 1251 no
271 1205 548 1267 publicando
570 1204 657 1251 lata
678 1204 748 1251 lex
769 1205 845 1253 est.
875 1206 1069 1254 Tribuni
1089 1208 1228 1270 plebis
1253 1208 1389 1255 iidem
1408 1224 1482 1254 re-

184 1275 287 1322 feffi
322 1276 531 1339 sequente
559 1292 680 1322 anno
701 1312 715 1331 ,
734 1278 788 1324 Τ.
823 1278 1029 1325 Romilio
1043 1314 1056 1336 ‚
1079 1280 1134 1326 C.
1153 1280 1346 1326 Veturio
1365 1295 1483 1326 con-

185 1347 384 1405 sufibus,
408 1347 549 1410 legem
583 1348 796 1395 omnibus
826 1349 1131 1397 concionibus
1165 1350 1253 1398 suis
1282 1351 1483 1399 celebra-

183 1421 306 1468 bant.
343 1424 503 1467 Pudere
519 1423 575 1483 [ὲ
601 1425 764 1468 numeri
783 1424 860 1485 sui
888 1428 1166 1487 nequidquam
1198 1427 1336 1483 ancli,
1358 1425 1409 1490 fi
1433 1444 1483 1471 ea

185 1513 246 1542 res
285 1512 391 1555 aeque
410 1494 495 1554 fico
531 1496 697 1539 hiennio
719 1494 911 1552 jaceret,
932 1515 982 1541 ac
1014 1512 1100 1542 toto
1113 1497 1325 1557 superiore
1360 1497 1485 1560 lustro-

175 1569 387 1634 jacuiffit.
416 1569 534 1614 Cum
562 1569 758 1614 maxime
785 1569 881 1615 haec
912 1583 1125 1633 agerent,
1141 1570 1306 1633 trepidi
1333 1570 1485 1617 nuntii

186 1642 243 1690 ab
259 1641 461 1690 Tusculo
476 1641 689 1699 veniunt,
708 1641 885 1705 AEquos
905 1642 950 1688 in
970 1659 1078 1706 agro
1101 1642 1359 1691 Tusculano
1382 1642 1488 1692 effe.

187 1716 311 1764 Fecit
331 1717 557 1780 pudorem
578 1732 734 1764 recens
755 1715 850 1779 ejus
871 1718 1031 1781 populi
1047 1719 1256 1765 meritum
1274 1716 1486 1766 morandi

189 1791 380 1839 auxilii:
413 1791 549 1838 ambo
581 1790 815 1851 consules,
847 1810 952 1839 curn
985 1793 1188 1840 exercitu
1215 1792 1328 1840 miffi
1349 1828 1364 1851 ‚
1391 1792 1488 1840 ho-

188 1864 298 1911 stem
331 1865 379 1913 in
406 1865 478 1912 sua
509 1864 608 1912 sede
637 1866 684 1912 in
718 1866 886 1929 Algido
922 1866 1182 1915 inveniunt.
1218 1866 1284 1913 lbi
1312 1883 1486 1930 pugna-

187 1950 299 1987 tum.
339 1939 469 2002 supra
496 1938 666 2002 septem
688 1940 829 1987 millia
855 1939 1055 1987 hostium
1080 1939 1220 1988 caesa:
1253 1939 1327 1986 alii
1355 1938 1488 2003 fuga-

190 2012 226 2058 ti
246 2031 258 2059 ε
279 2014 428 2076 praeda
447 2026 574 2075 parta
591 2012 762 2076 ingens.
791 2015 925 2071 Eam,
945 2025 1135 2077 propter
1157 2013 1356 2076 inopiam
1377 2030 1491 2059 aera·

191 2086 279 2144 rii,
310 2085 517 2133 consules
549 2086 871 2136 vendiderunt.
920 2087 1108 2135 Invidiae
1145 2098 1292 2134 tamen
1325 2104 1395 2135 res
1430 2086 1487 2134 ad

191 2159 443 2207 exercitum
471 2158 569 2206 fuit.
610 2176 661 2206 ea
697 2161 889 2224 denique
914 2160 1108 2208 tribunis
1134 2164 1366 2210 materiam
1400 2162 1488 2210 cri-

192 2233 395 2281 minandi
424 2234 477 2279 ad
500 2234 676 2296 plebem
698 2235 903 2283 consules
927 2236 1136 2299 praebuit.
1171 2239 1325 2300 Itaque
1348 2253 1490 2301 ergo,

191 2319 245 2353 ut
271 2305 527 2369 magistratu
560 2306 708 2354 abiere
725 2345 740 2366 ‚
762 2310 835 2371 Sp.
854 2309 1084 2371 Tarpeio,
1112 2311 1167 2357 Α.
1188 2310 1345 2357 Aterio
1368 2326 1487 2357 con-

195 2379 393 2438 sulibus,
422 2379 514 2426 dies
549 2379 663 2427 <ficia
697 2382 759 2427 est
790 2382 997 2428 Romilio
1026 2383 1082 2429 ab
1110 2383 1166 2432 C.
1189 2383 1385 2431 Claudio
1405 2383 1488 2431 Ci-

196 2470 396 2512 cerone,
431 2453 616 2500 tribuno
656 2454 833 2516 plebis;
866 2457 1062 2502 Veturio
1105 2457 1161 2503 ab
1197 2458 1243 2503 L.
1268 2456 1449 2503 Allieno
1470 2492 1488 2515 ,

198 2527 329 2575 aedile
356 2527 513 2592 plebis.
558 2530 760 2595 Uterque
783 2546 946 2595 magna
968 2532 1148 2579 Patrum
1174 2530 1488 2597 indignatione
