1582 2793
316 195 915 242 HisToiziARUM
968 197 1100 241 ΗΒ.
1144 196 1175 242 1.
1348 207 1406 258 59

104 308 170 352 lus
201 306 436 351 Collatinus
471 308 515 350 in
539 304 625 364 fica
646 303 877 371 potestate?
912 306 998 371 Est.
1037 304 1265 364 Dcdltlfize
1300 322 1407 360 νος,

97 383 383 441 populumque
416 381 671 423 Collatinum
688 413 700 433 ,
729 380 865 423 urbem
883 413 896 433 ,
928 396 1051 439 agros
1069 413 1082 434 ‚
1110 397 1263 439 aquam
1283 415 1294 434 ,
1326 394 1408 423 ter-

107 453 247 495 minos
260 485 275 505 ‚
295 451 491 505 delubra,
510 448 724 513 utel-filia,
749 443 897 495 divina
912 485 925 506 ,
949 451 1214 510 hamanaque
1238 453 1410 507 omnia,

107 525 153 568 itz
181 540 312 567 meam
323 525 552 584 populique
583 525 772 568 Romani
798 525 1040 571 dicionem?
1071 525 1301 568 Dedimus.
1344 527 1411 568 Ac

106 613 178 658 ego
197 599 361 656 recipio.
382 595 510 641 Bello
523 596 693 641 Sabino
715 595 940 658 perfecto,
955 595 1230 658 Tarquinius
1253 595 1412 640 trium-

106 669 250 732 phans
281 669 477 716 Romam
511 670 658 716 rediit.
703 670 809 716 lnde
846 670 1002 733 priscis
1035 670 1204 716 Latinis
1241 669 1413 716 bellum

109 742 233 790 fecit.
275 743 354 790 ubi
386 743 609 807 nusquam
640 744 695 791 ad
722 743 946 790 universae
974 743 1039 790 rei
1066 742 1413 790 dimicationem

110 830 302 864 ventum
335 816 430 864 est:
463 818 517 864 ad
546 817 714 881 fingula
742 818 910 880 oppida
942 816 1310 865 circumferendo
1339 834 1413 862 ar-

108 909 181 939 ma
201 928 214 949 ‚
249 908 387 938 omne
413 908 583 940 nomen
605 892 817 939 Latinum
851 892 1043 939 domuit.
1078 891 1415 950 Corniculum,

111 964 290 1011 Piculea
319 979 477 1025 vetus,
512 966 752 1024 Cameria,
785 965 1172 1025 Crustumerium,
1204 965 1417 1012 Amerio-

112 1037 155 1084 la
173 1075 188 1095 ‚
213 1038 429 1086 Medullia
445 1075 460 1098 ‚
485 1039 768 1086 Nomentum
784 1075 798 1099 ‚
826 1039 924 1088 haec
954 1038 1008 1085 de
1038 1037 1192 1102 priscis
1214 1037 1417 1095 Latinis,

115 1125 195 1159 aut
222 1111 300 1175 qui
321 1112 378 1159 ad
402 1112 587 1159 Latinos
624 1111 885 1159 defecerant
903 1148 918 1170 ‚
949 1124 1080 1175 capta
1103 1110 1291 1175 oppida.
1322 1112 1418 1157 Pax

112 1185 274 1232 deinde
295 1185 356 1232 est
377 1184 504 1233 faEla.
538 1184 716 1246 Majore
735 1185 839 1232 inde
859 1186 1017 1233 animo
1038 1185 1159 1248 pacis
1180 1201 1323 1248 opera
1342 1185 1418 1231 in-

114 1259 305 1317 choata,
334 1276 469 1324 quam
494 1272 665 1324 quanta
694 1259 819 1305 mole
855 1259 1041 1323 gefferat
1063 1257 1207 1305 bella:
1239 1270 1290 1304 ut
1319 1273 1419 1303 non

114 1333 316 1397 quietior
335 1334 538 1398 populus
568 1333 697 1381 domi
725 1333 860 1392 effet,
891 1351 1027 1398 quam
1054 1333 1230 1380 militiae
1258 1332 1420 1381 fuiffet.

115 1409 235 1454 Nam
264 1409 314 1457 &
341 1425 475 1456 muro
497 1409 677 1472 lapideo
694 1445 708 1468 ,
737 1407 866 1471 cujus
892 1408 1134 1456 exordium
1165 1408 1319 1470 operis
1338 1409 1420 1453 Sa-

114 1482 228 1530 bino
249 1482 373 1530 bello
396 1484 622 1531 turbatum
643 1494 762 1542 erat,
781 1485 939 1531 urbem
957 1519 970 1542 ,
989 1500 1077 1548 qua
1097 1482 1303 1529 nondum
1321 1498 1421 1527 mu-
1480 1484 1484 1490 ’

115 1557 290 1615 nierat,
328 1557 509 1622 cingere
539 1569 694 1621 parat:
723 1559 773 1606 ὅ(
808 1555 965 1605 infima
999 1557 1124 1604 urbis
1160 1555 1264 1603 loca
1299 1554 1422 1602 circa

116 1629 268 1678 forum
296 1630 492 1696 aliasque
520 1630 773 1694 interjectas
803 1631 1001 1679 collibus
1028 1630 1294 1687 convalles,
1317 1628 1423 1692 quia

116 1721 173 1751 ex
204 1705 348 1769 planis
368 1706 484 1753 locis
503 1707 624 1754 haud
644 1705 780 1754 facile
802 1706 1064 1753 evehebant
1083 1721 1223 1769 aquas
1239 1741 1253 1763 ‚
1293 1703 1424 1750 cloa-

116 1779 179 1827 cis
197 1796 221 1825 e
239 1778 417 1844 fastigio
435 1779 483 1826 in
503 1779 713 1828 Tiberim
732 1779 878 1827 ductis
906 1779 1072 1828 ficcat:
1106 1779 1157 1826 &
1184 1795 1332 1825 aream
1366 1776 1425 1823 ad

117 1853 259 1900 aedem
279 1853 326 1899 in
345 1852 583 1917 Capitolio
603 1853 734 1902 Jovis
749 1890 763 1913 ‚
793 1871 933 1919 quam
965 1865 1167 1901 voverat
1194 1851 1318 1898 bello
1341 1850 1425 1897 Sa-

117 1928 229 1975 bino
248 1964 262 1987 ,
279 1927 369 1990 jam
399 1928 692 1993 praesagiente
720 1928 878 1977 animo
907 1927 1107 1976 futuram
1128 1927 1241 1975 olim
1258 1924 1426 1990 ampli-

118 2001 323 2048 tudinem
344 2000 468 2061 loci,
495 2014 694 2065 occupat
712 2001 1032 2050 fundamentis.

186 2077 416 2126 XXXIX.
454 2078 523 2124 Eo
552 2089 761 2140 tempore
793 2077 841 2124 in
870 2077 990 2142 regia
1027 2075 1289 2140 prodigium
1320 2073 1426 2121 visu

119 2161 384 2213 eventuque
397 2148 604 2196 mirabile
621 2148 722 2198 fuit.
764 2151 913 2197 Puero
933 2149 1208 2209 dormienti,
1240 2148 1428 2196 cuiSer-

122 2225 207 2271 vio
233 2222 392 2270 Tullio
424 2239 598 2270 nomen
632 2222 749 2282 fuit,
781 2235 916 2286 caput
944 2223 1088 2270 arsisse
1118 2223 1271 2270 ferunt
1303 2220 1425 2268 mul·

122 2307 279 2345 torum
301 2297 349 2343 in
379 2295 637 2360 conspeftu.
673 2296 877 2344 Plurimo
909 2296 1047 2360 igitur
1083 2296 1285 2344 clamore
1319 2294 1426 2340 inde

126 2369 184 2417 ad
203 2379 335 2416 tantae
364 2368 428 2415 rei
449 2367 721 2417 miraculum
746 2381 854 2416 orto
876 2369 1054 2416 excitos
1075 2385 1215 2432 reges.
1251 2369 1302 2414 ὃς
1323 2382 1429 2413 cum

124 2444 308 2507 quidam
339 2442 623 2491 familiarium
652 2460 815 2509 aquam
845 2444 901 2490 ad
932 2443 1297 2507 restinguendum
1334 2440 1430 2486 fer-

124 2530 222 2578 ret,
255 2517 311 2566 ab
328 2516 482 2583 regina
504 2529 760 2567 retentum:
797 2516 1045 2584 sedatoque
1077 2534 1176 2564 eam
1204 2514 1431 2574 tumultu,
