<?xml version="1.0" encoding="UTF-8"?>
<!DOCTYPE html PUBLIC "-//W3C//DTD XHTML 1.0 Transitional//EN"
    "http://www.w3.org/TR/xhtml1/DTD/xhtml1-transitional.dtd">
<html xmlns="http://www.w3.org/1999/xhtml" xml:lang="en" lang="en">
 <head>
  <title>
</title>
<meta http-equiv="Content-Type" content="text/html;charset=utf-8" />
  <meta name='ocr-system' content='tesseract 3.04.00' />
  <meta name='ocr-capabilities' content='ocr_page ocr_carea ocr_par ocr_line ocrx_word'/>
</head>
<body>
  <div class='ocr_page' id='page_1' title='image "./historiarumlibri01livyuoft_0107.png"; bbox 0 0 1582 2793; ppageno 0'>
   <div class='ocr_carea' id='block_1_1' title="bbox 65 1583 166 1625">
    <p class='ocr_par' dir='ltr' id='par_1_1' title="bbox 65 1583 166 1625">
     <span class='ocr_line' id='line_1_1' title="bbox 65 1583 166 1625; baseline 0.02 -14"><span class='ocrx_word' id='word_1_1' title='bbox 65 1583 166 1625; x_wconf 77' lang='lat'>³470</span> 
     </span>
    </p>
   </div>
   <div class='ocr_carea' id='block_1_2' title="bbox 361 161 1355 212">
    <p class='ocr_par' dir='ltr' id='par_1_2' title="bbox 361 161 1355 212">
     <span class='ocr_line' id='line_1_2' title="bbox 361 161 1355 212; baseline 0.001 -2"><span class='ocrx_word' id='word_1_2' title='bbox 361 162 494 210; x_wconf 85' lang='lat' dir='ltr'>&#39;DE</span> <span class='ocrx_word' id='word_1_3' title='bbox 563 161 1006 212; x_wconf 84' lang='lat' dir='ltr'><strong><em>T.LIV10.</em></strong></span> <span class='ocrx_word' id='word_1_4' title='bbox 1219 175 1355 212; x_wconf 74' lang='lat' dir='ltr'>xcnc</span> 
     </span>
    </p>
   </div>
   <div class='ocr_carea' id='block_1_3' title="bbox 218 268 1358 1355">
    <p class='ocr_par' dir='ltr' id='par_1_3' title="bbox 218 268 1358 1355">
     <span class='ocr_line' id='line_1_3' title="bbox 223 268 1353 321; baseline 0 -10"><span class='ocrx_word' id='word_1_5' title='bbox 223 269 328 311; x_wconf 65' lang='lat' dir='ltr'>in&#39;ss.</span> <span class='ocrx_word' id='word_1_6' title='bbox 356 270 397 311; x_wconf 88' lang='lat' dir='ltr'>L.</span> <span class='ocrx_word' id='word_1_7' title='bbox 422 282 508 309; x_wconf 87' lang='lat' dir='ltr'>eam</span> <span class='ocrx_word' id='word_1_8' title='bbox 531 268 663 309; x_wconf 87' lang='lat' dir='ltr'>retulit</span> <span class='ocrx_word' id='word_1_9' title='bbox 689 270 739 308; x_wconf 81' lang='lat' dir='ltr'>ad</span> <span class='ocrx_word' id='word_1_10' title='bbox 766 281 826 310; x_wconf 89' lang='lat' dir='ltr'>an.</span> <span class='ocrx_word' id='word_1_11' title='bbox 864 283 984 321; x_wconf 78' lang='lat'>1470,</span> <span class='ocrx_word' id='word_1_12' title='bbox 1010 269 1254 321; x_wconf 82' lang='lat' dir='ltr'>fimiliterque</span> <span class='ocrx_word' id='word_1_13' title='bbox 1282 269 1353 311; x_wconf 83' lang='lat' dir='ltr'>viri</span> 
     </span>
     <span class='ocr_line' id='line_1_4' title="bbox 222 323 1353 377; baseline 0.001 -13"><span class='ocrx_word' id='word_1_14' title='bbox 222 324 360 365; x_wconf 74' lang='lat' dir='ltr'>clariss&#39;.</span> <span class='ocrx_word' id='word_1_15' title='bbox 383 323 526 365; x_wconf 87' lang='lat' dir='ltr'>Thom.</span> <span class='ocrx_word' id='word_1_16' title='bbox 550 325 705 364; x_wconf 68' lang='lat' dir='ltr'>Heme</span> <span class='ocrx_word' id='word_1_17' title='bbox 722 325 758 363; x_wconf 74' lang='lat' dir='ltr'>Sc</span> <span class='ocrx_word' id='word_1_18' title='bbox 775 324 834 372; x_wconf 89' lang='lat' dir='ltr'>Jo.</span> <span class='ocrx_word' id='word_1_19' title='bbox 859 323 1030 363; x_wconf 86' lang='lat' dir='ltr'><strong>Clericus</strong></span> <span class='ocrx_word' id='word_1_20' title='bbox 1046 325 1085 363; x_wconf 86' lang='lat' dir='ltr'>in</span> <span class='ocrx_word' id='word_1_21' title='bbox 1101 325 1235 364; x_wconf 85' lang='lat' dir='ltr'>Indice</span> <span class='ocrx_word' id='word_1_22' title='bbox 1259 339 1353 377; x_wconf 66' lang='lat' dir='ltr'>prce-</span> 
     </span>
     <span class='ocr_line' id='line_1_5' title="bbox 224 377 1357 431; baseline 0.002 -13"><span class='ocrx_word' id='word_1_23' title='bbox 224 382 429 430; x_wconf 86' lang='lat' dir='ltr'>cipuarum</span> <span class='ocrx_word' id='word_1_24' title='bbox 464 379 559 419; x_wconf 86' lang='lat' dir='ltr'>Livii</span> <span class='ocrx_word' id='word_1_25' title='bbox 593 379 824 418; x_wconf 86' lang='lat' dir='ltr'><strong>editionum.</strong></span> <span class='ocrx_word' id='word_1_26' title='bbox 861 377 947 417; x_wconf 83' lang='lat' dir='ltr'>vid.</span> <span class='ocrx_word' id='word_1_27' title='bbox 986 378 1092 418; x_wconf 82' lang='lat' dir='ltr'>Laire</span> <span class='ocrx_word' id='word_1_28' title='bbox 1127 378 1281 429; x_wconf 87' lang='lat' dir='ltr'>specim.</span> <span class='ocrx_word' id='word_1_29' title='bbox 1314 394 1357 431; x_wconf 89' lang='lat' dir='ltr'>p.</span> 
     </span>
     <span class='ocr_line' id='line_1_6' title="bbox 225 431 1351 484; baseline -0.001 -11"><span class='ocrx_word' id='word_1_30' title='bbox 225 435 312 473; x_wconf 89' lang='lat'><strong>160.</strong></span> <span class='ocrx_word' id='word_1_31' title='bbox 330 434 475 472; x_wconf 86' lang='lat' dir='ltr'>Verum</span> <span class='ocrx_word' id='word_1_32' title='bbox 497 432 732 472; x_wconf 81' lang='lat' dir='ltr'>Maittairius</span> <span class='ocrx_word' id='word_1_33' title='bbox 758 433 798 471; x_wconf 90' lang='lat' dir='ltr'>in</span> <span class='ocrx_word' id='word_1_34' title='bbox 814 431 950 473; x_wconf 84' lang='lat' dir='ltr'>Annal.</span> <span class='ocrx_word' id='word_1_35' title='bbox 967 441 1119 484; x_wconf 83' lang='lat' dir='ltr'>typogr.</span> <span class='ocrx_word' id='word_1_36' title='bbox 1148 444 1243 473; x_wconf 87' lang='lat' dir='ltr'>tom.</span> <span class='ocrx_word' id='word_1_37' title='bbox 1264 434 1282 474; x_wconf 87' lang='lat'>1</span> <span class='ocrx_word' id='word_1_38' title='bbox 1312 448 1351 484; x_wconf 87' lang='lat' dir='ltr'>p.</span> 
     </span>
     <span class='ocr_line' id='line_1_7' title="bbox 220 486 1353 538; baseline 0 -12"><span class='ocrx_word' id='word_1_39' title='bbox 220 487 290 535; x_wconf 91' lang='lat'>66,</span> <span class='ocrx_word' id='word_1_40' title='bbox 315 489 350 526; x_wconf 72' lang='lat' dir='ltr'>Sc</span> <span class='ocrx_word' id='word_1_41' title='bbox 370 496 464 526; x_wconf 90' lang='lat' dir='ltr'>tom.</span> <span class='ocrx_word' id='word_1_42' title='bbox 489 487 541 527; x_wconf 88' lang='lat' dir='ltr'>IV</span> <span class='ocrx_word' id='word_1_43' title='bbox 557 499 595 537; x_wconf 89' lang='lat' dir='ltr'>p.</span> <span class='ocrx_word' id='word_1_44' title='bbox 620 487 694 538; x_wconf 78' lang='lat'>283</span> <span class='ocrx_word' id='word_1_45' title='bbox 707 518 720 534; x_wconf 91' lang='lat'><strong><em>,</em></strong></span> <span class='ocrx_word' id='word_1_46' title='bbox 737 488 868 538; x_wconf 88' lang='lat' dir='ltr'>potius</span> <span class='ocrx_word' id='word_1_47' title='bbox 886 486 1127 525; x_wconf 76' lang='lat' dir='ltr'>referendam</span> <span class='ocrx_word' id='word_1_48' title='bbox 1145 489 1353 527; x_wconf 76' lang='lat' dir='ltr'>contendit</span> 
     </span>
     <span class='ocr_line' id='line_1_8' title="bbox 218 540 1354 595; baseline -0.003 -15"><span class='ocrx_word' id='word_1_49' title='bbox 218 542 269 580; x_wconf 82' lang='lat' dir='ltr'>ad</span> <span class='ocrx_word' id='word_1_50' title='bbox 299 555 358 580; x_wconf 86' lang='lat' dir='ltr'>an.</span> <span class='ocrx_word' id='word_1_51' title='bbox 391 541 518 595; x_wconf 85' lang='lat'>1469,</span> <span class='ocrx_word' id='word_1_52' title='bbox 547 541 633 591; x_wconf 82' lang='lat' dir='ltr'>quia</span> <span class='ocrx_word' id='word_1_53' title='bbox 658 541 803 580; x_wconf 85' lang='lat' dir='ltr'>Veneta</span> <span class='ocrx_word' id='word_1_54' title='bbox 830 540 924 581; x_wconf 89' lang='lat' dir='ltr'>Livii</span> <span class='ocrx_word' id='word_1_55' title='bbox 956 541 1100 589; x_wconf 79' lang='lat' dir='ltr'>editio,</span> <span class='ocrx_word' id='word_1_56' title='bbox 1127 554 1210 591; x_wconf 86' lang='lat' dir='ltr'>quae</span> <span class='ocrx_word' id='word_1_57' title='bbox 1231 542 1354 593; x_wconf 58' lang='lat' dir='ltr'>sequi„</span> 
     </span>
     <span class='ocr_line' id='line_1_9' title="bbox 220 594 1355 646; baseline 0.001 -12"><span class='ocrx_word' id='word_1_58' title='bbox 220 604 309 643; x_wconf 86' lang='lat' dir='ltr'>tur,</span> <span class='ocrx_word' id='word_1_59' title='bbox 339 598 375 635; x_wconf 73' lang='grc' dir='ltr'>δε</span> <span class='ocrx_word' id='word_1_60' title='bbox 414 595 543 635; x_wconf 87' lang='lat' dir='ltr'>lucem</span> <span class='ocrx_word' id='word_1_61' title='bbox 575 594 749 645; x_wconf 78' lang='lat' dir='ltr'>adspexit</span> <span class='ocrx_word' id='word_1_62' title='bbox 783 609 816 634; x_wconf 87' lang='lat' dir='ltr'>a.</span> <span class='ocrx_word' id='word_1_63' title='bbox 862 608 986 645; x_wconf 81' lang='lat'>1470,</span> <span class='ocrx_word' id='word_1_64' title='bbox 1016 596 1204 643; x_wconf 83' lang='lat' dir='ltr'>eandem,</span> <span class='ocrx_word' id='word_1_65' title='bbox 1237 609 1355 646; x_wconf 77' lang='lat' dir='ltr'>quam</span> 
     </span>
     <span class='ocr_line' id='line_1_10' title="bbox 219 648 1357 700; baseline 0.003 -14"><span class='ocrx_word' id='word_1_66' title='bbox 219 649 306 688; x_wconf 74' lang='lat' dir='ltr'>haec</span> <span class='ocrx_word' id='word_1_67' title='bbox 339 650 545 698; x_wconf 80' lang='lat' dir='ltr'>Romana,</span> <span class='ocrx_word' id='word_1_68' title='bbox 576 648 754 700; x_wconf 83' lang='lat' dir='ltr'>Episcopi</span> <span class='ocrx_word' id='word_1_69' title='bbox 784 648 985 689; x_wconf 75' lang='lat' dir='ltr'>Alerienfis</span> <span class='ocrx_word' id='word_1_70' title='bbox 1022 649 1220 700; x_wconf 84' lang='lat' dir='ltr'>epistolam</span> <span class='ocrx_word' id='word_1_71' title='bbox 1260 664 1357 700; x_wconf 69' lang='lat' dir='ltr'>prae-</span> 
     </span>
     <span class='ocr_line' id='line_1_11' title="bbox 221 703 1358 753; baseline 0 -10"><span class='ocrx_word' id='word_1_72' title='bbox 221 704 324 752; x_wconf 81' lang='lat' dir='ltr'>fert,</span> <span class='ocrx_word' id='word_1_73' title='bbox 365 707 400 743; x_wconf 59' lang='grc' dir='ltr'><strong><em>ἃ</em></strong></span> <span class='ocrx_word' id='word_1_74' title='bbox 431 703 523 742; x_wconf 91' lang='lat' dir='ltr'>huic</span> <span class='ocrx_word' id='word_1_75' title='bbox 556 704 766 753; x_wconf 85' lang='lat' dir='ltr'>posterior,</span> <span class='ocrx_word' id='word_1_76' title='bbox 801 716 917 752; x_wconf 83' lang='lat' dir='ltr'>quam</span> <span class='ocrx_word' id='word_1_77' title='bbox 946 703 1035 753; x_wconf 76' lang='lat' dir='ltr'>illa,</span> <span class='ocrx_word' id='word_1_78' title='bbox 1071 704 1262 743; x_wconf 83' lang='lat' dir='ltr'>censenda</span> <span class='ocrx_word' id='word_1_79' title='bbox 1292 704 1358 744; x_wconf 77' lang='lat' dir='ltr'>est.</span> 
     </span>
     <span class='ocr_line' id='line_1_12' title="bbox 221 756 1354 809; baseline 0.001 -12"><span class='ocrx_word' id='word_1_80' title='bbox 221 758 422 798; x_wconf 77' lang='lat' dir='ltr'>Alerienfis</span> <span class='ocrx_word' id='word_1_81' title='bbox 446 758 550 797; x_wconf 87' lang='lat' dir='ltr'>enim</span> <span class='ocrx_word' id='word_1_82' title='bbox 575 756 731 807; x_wconf 81' lang='lat' dir='ltr'>epistola</span> <span class='ocrx_word' id='word_1_83' title='bbox 758 757 924 805; x_wconf 76' lang='lat' dir='ltr'>indicat,</span> <span class='ocrx_word' id='word_1_84' title='bbox 942 771 1027 797; x_wconf 83' lang='lat' dir='ltr'>eam</span> <span class='ocrx_word' id='word_1_85' title='bbox 1057 758 1241 805; x_wconf 86' lang='lat' dir='ltr'>editioni,</span> <span class='ocrx_word' id='word_1_86' title='bbox 1270 772 1354 809; x_wconf 80' lang='lat' dir='ltr'>quae</span> 
     </span>
     <span class='ocr_line' id='line_1_13' title="bbox 220 811 1358 864; baseline 0 -12"><span class='ocrx_word' id='word_1_87' title='bbox 220 812 354 852; x_wconf 80' lang='lat' dir='ltr'>Romae</span> <span class='ocrx_word' id='word_1_88' title='bbox 378 812 514 851; x_wconf 80' lang='lat' dir='ltr'>excusa</span> <span class='ocrx_word' id='word_1_89' title='bbox 530 811 606 860; x_wconf 85' lang='lat' dir='ltr'>est,</span> <span class='ocrx_word' id='word_1_90' title='bbox 629 811 854 851; x_wconf 66' lang='lat' dir='ltr'>dedicandae</span> <span class='ocrx_word' id='word_1_91' title='bbox 877 812 1134 864; x_wconf 81' lang='lat' dir='ltr'>conscriptam</span> <span class='ocrx_word' id='word_1_92' title='bbox 1161 812 1261 853; x_wconf 82' lang='lat' dir='ltr'>effe:</span> <span class='ocrx_word' id='word_1_93' title='bbox 1288 826 1358 852; x_wconf 79' lang='lat' dir='ltr'>ne-</span> 
     </span>
     <span class='ocr_line' id='line_1_14' title="bbox 222 865 1356 917; baseline 0.002 -13"><span class='ocrx_word' id='word_1_94' title='bbox 222 879 298 917; x_wconf 88' lang='lat' dir='ltr'>que</span> <span class='ocrx_word' id='word_1_95' title='bbox 327 865 441 906; x_wconf 80' lang='lat' dir='ltr'>facile</span> <span class='ocrx_word' id='word_1_96' title='bbox 463 866 569 905; x_wconf 88' lang='lat' dir='ltr'>credi</span> <span class='ocrx_word' id='word_1_97' title='bbox 601 867 749 917; x_wconf 88' lang='lat' dir='ltr'>potest,</span> <span class='ocrx_word' id='word_1_98' title='bbox 773 876 977 917; x_wconf 81' lang='lat' dir='ltr'>utramque</span> <span class='ocrx_word' id='word_1_99' title='bbox 1004 868 1240 915; x_wconf 84' lang='lat' dir='ltr'>editionem,</span> <span class='ocrx_word' id='word_1_100' title='bbox 1261 867 1356 907; x_wconf 80' lang='lat' dir='ltr'>alte-</span> 
     </span>
     <span class='ocr_line' id='line_1_15' title="bbox 221 920 1355 968; baseline 0.003 -9"><span class='ocrx_word' id='word_1_101' title='bbox 221 932 305 960; x_wconf 80' lang='lat' dir='ltr'>ram</span> <span class='ocrx_word' id='word_1_102' title='bbox 326 920 479 968; x_wconf 72' lang='lat' dir='ltr'>Romae,</span> <span class='ocrx_word' id='word_1_103' title='bbox 496 920 655 960; x_wconf 78' lang='lat' dir='ltr'>alteram</span> <span class='ocrx_word' id='word_1_104' title='bbox 671 921 839 961; x_wconf 80' lang='lat' dir='ltr'>venetiis</span> <span class='ocrx_word' id='word_1_105' title='bbox 863 922 1005 960; x_wconf 86' lang='lat' dir='ltr'>eodem</span> <span class='ocrx_word' id='word_1_106' title='bbox 1031 935 1132 961; x_wconf 88' lang='lat' dir='ltr'>anno</span> <span class='ocrx_word' id='word_1_107' title='bbox 1155 922 1355 962; x_wconf 51' lang='lat' dir='ltr'>exiisse-a</span> 
     </span>
     <span class='ocr_line' id='line_1_16' title="bbox 221 975 1355 1026; baseline 0.003 -13"><span class='ocrx_word' id='word_1_108' title='bbox 221 975 299 1014; x_wconf 85' lang='lat' dir='ltr'>Sed</span> <span class='ocrx_word' id='word_1_109' title='bbox 327 988 482 1025; x_wconf 88' lang='lat' dir='ltr'>quoque</span> <span class='ocrx_word' id='word_1_110' title='bbox 509 975 558 1014; x_wconf 88' lang='lat' dir='ltr'>de</span> <span class='ocrx_word' id='word_1_111' title='bbox 582 975 696 1026; x_wconf 82' lang='lat' dir='ltr'>ipfius</span> <span class='ocrx_word' id='word_1_112' title='bbox 724 976 881 1015; x_wconf 86' lang='lat' dir='ltr'>editoris</span> <span class='ocrx_word' id='word_1_113' title='bbox 912 976 1072 1016; x_wconf 87' lang='lat' dir='ltr'>nomine</span> <span class='ocrx_word' id='word_1_114' title='bbox 1102 990 1181 1016; x_wconf 90' lang='lat' dir='ltr'>non</span> <span class='ocrx_word' id='word_1_115' title='bbox 1212 990 1355 1016; x_wconf 89' lang='lat' dir='ltr'>conve-</span> 
     </span>
     <span class='ocr_line' id='line_1_17' title="bbox 219 1029 1354 1082; baseline 0.003 -14"><span class='ocrx_word' id='word_1_116' title='bbox 219 1030 289 1068; x_wconf 89' lang='lat' dir='ltr'>nit.</span> <span class='ocrx_word' id='word_1_117' title='bbox 329 1029 428 1068; x_wconf 87' lang='lat' dir='ltr'>Vide</span> <span class='ocrx_word' id='word_1_118' title='bbox 459 1029 652 1070; x_wconf 82' lang='lat' dir='ltr'>Drakenb.</span> <span class='ocrx_word' id='word_1_119' title='bbox 688 1030 728 1068; x_wconf 89' lang='lat' dir='ltr'>in</span> <span class='ocrx_word' id='word_1_120' title='bbox 759 1029 951 1080; x_wconf 78' lang='lat' dir='ltr'>elencho,</span> <span class='ocrx_word' id='word_1_121' title='bbox 977 1032 1045 1082; x_wconf 68' lang='lat' dir='ltr'>quiv</span> <span class='ocrx_word' id='word_1_122' title='bbox 1075 1031 1269 1082; x_wconf 85' lang='lat' dir='ltr'>praecipue</span> <span class='ocrx_word' id='word_1_123' title='bbox 1304 1032 1354 1071; x_wconf 82' lang='lat' dir='ltr'>de</span> 
     </span>
     <span class='ocr_line' id='line_1_18' title="bbox 219 1083 1357 1136; baseline 0.002 -14"><span class='ocrx_word' id='word_1_124' title='bbox 219 1084 381 1122; x_wconf 86' lang='lat' dir='ltr'>nomine</span> <span class='ocrx_word' id='word_1_125' title='bbox 412 1084 591 1134; x_wconf 84' lang='lat' dir='ltr'>Episcopi</span> <span class='ocrx_word' id='word_1_126' title='bbox 617 1083 839 1134; x_wconf 80' lang='lat' dir='ltr'>Alerienfis,</span> <span class='ocrx_word' id='word_1_127' title='bbox 864 1085 971 1136; x_wconf 85' lang='lat' dir='ltr'>quod</span> <span class='ocrx_word' id='word_1_128' title='bbox 994 1085 1181 1136; x_wconf 76' lang='lat' dir='ltr'>Ughellus</span> <span class='ocrx_word' id='word_1_129' title='bbox 1207 1087 1247 1125; x_wconf 89' lang='lat' dir='ltr'>in</span> <span class='ocrx_word' id='word_1_130' title='bbox 1268 1085 1357 1129; x_wconf 81' lang='lat' dir='ltr'>Ital.</span> 
     </span>
     <span class='ocr_line' id='line_1_19' title="bbox 221 1136 1355 1192; baseline 0.002 -16"><span class='ocrx_word' id='word_1_131' title='bbox 221 1136 327 1178; x_wconf 83' lang='lat' dir='ltr'>sacra</span> <span class='ocrx_word' id='word_1_132' title='bbox 343 1147 438 1177; x_wconf 89' lang='lat' dir='ltr'>tom.</span> <span class='ocrx_word' id='word_1_133' title='bbox 458 1138 537 1187; x_wconf 84' lang='grc' dir='ltr'>ΙΙΙ,</span> <span class='ocrx_word' id='word_1_134' title='bbox 551 1152 590 1189; x_wconf 85' lang='lat' dir='ltr'>p.</span> <span class='ocrx_word' id='word_1_135' title='bbox 616 1152 687 1192; x_wconf 82' lang='lat'>503</span> <span class='ocrx_word' id='word_1_136' title='bbox 722 1140 894 1179; x_wconf 79' lang='lat' dir='ltr'>Joannem</span> <span class='ocrx_word' id='word_1_137' title='bbox 921 1142 1120 1180; x_wconf 83' lang='lat' dir='ltr'>Antonium</span> <span class='ocrx_word' id='word_1_138' title='bbox 1149 1142 1191 1180; x_wconf 79' lang='lat' dir='ltr'>de</span> <span class='ocrx_word' id='word_1_139' title='bbox 1215 1142 1355 1180; x_wconf 82' lang='lat' dir='ltr'>Buxiis</span> 
     </span>
     <span class='ocr_line' id='line_1_20' title="bbox 218 1192 1354 1244; baseline 0.003 -13"><span class='ocrx_word' id='word_1_140' title='bbox 218 1205 425 1243; x_wconf 87' lang='lat' dir='ltr'>perperam</span> <span class='ocrx_word' id='word_1_141' title='bbox 451 1192 620 1244; x_wconf 70' lang='lat' dir='ltr'>scripsit,</span> <span class='ocrx_word' id='word_1_142' title='bbox 650 1193 792 1233; x_wconf 85' lang='lat' dir='ltr'>multus</span> <span class='ocrx_word' id='word_1_143' title='bbox 817 1194 883 1235; x_wconf 86' lang='lat' dir='ltr'>est.</span> <span class='ocrx_word' id='word_1_144' title='bbox 920 1194 1029 1234; x_wconf 80' lang='lat' dir='ltr'>Plura</span> <span class='ocrx_word' id='word_1_145' title='bbox 1055 1197 1091 1235; x_wconf 70' lang='lat' dir='ltr'>Sc</span> <span class='ocrx_word' id='word_1_146' title='bbox 1118 1195 1279 1235; x_wconf 83' lang='lat' dir='ltr'>certiora</span> <span class='ocrx_word' id='word_1_147' title='bbox 1302 1196 1354 1234; x_wconf 80' lang='lat' dir='ltr'>de</span> 
     </span>
     <span class='ocr_line' id='line_1_21' title="bbox 218 1247 1348 1301; baseline 0.004 -16"><span class='ocrx_word' id='word_1_148' title='bbox 218 1259 311 1286; x_wconf 86' lang='lat' dir='ltr'>vero</span> <span class='ocrx_word' id='word_1_149' title='bbox 339 1247 498 1287; x_wconf 90' lang='lat' dir='ltr'>nomine</span> <span class='ocrx_word' id='word_1_150' title='bbox 521 1253 583 1297; x_wconf 87' lang='lat' dir='ltr'>Jo.</span> <span class='ocrx_word' id='word_1_151' title='bbox 600 1249 751 1286; x_wconf 85' lang='lat' dir='ltr'>Andreae</span> <span class='ocrx_word' id='word_1_152' title='bbox 769 1248 884 1287; x_wconf 81' lang='lat' dir='ltr'>tradit</span> <span class='ocrx_word' id='word_1_153' title='bbox 907 1248 1071 1301; x_wconf 78' lang='lat' dir='ltr'>Freytag</span> <span class='ocrx_word' id='word_1_154' title='bbox 1099 1249 1140 1288; x_wconf 87' lang='lat' dir='ltr'>in</span> <span class='ocrx_word' id='word_1_155' title='bbox 1168 1254 1348 1301; x_wconf 76' lang='lat' dir='ltr'>Apparat.</span> 
     </span>
     <span class='ocr_line' id='line_1_22' title="bbox 218 1299 1352 1355; baseline 0.006 -16"><span class='ocrx_word' id='word_1_156' title='bbox 218 1299 336 1340; x_wconf 86' lang='lat' dir='ltr'>Liter.</span> <span class='ocrx_word' id='word_1_157' title='bbox 365 1311 460 1341; x_wconf 86' lang='lat' dir='ltr'>tom.</span> <span class='ocrx_word' id='word_1_158' title='bbox 495 1301 566 1341; x_wconf 90' lang='lat' dir='ltr'><strong>III.</strong></span> <span class='ocrx_word' id='word_1_159' title='bbox 591 1315 630 1353; x_wconf 85' lang='lat' dir='ltr'>p.</span> <span class='ocrx_word' id='word_1_160' title='bbox 655 1303 746 1355; x_wconf 84' lang='lat'>619.</span> <span class='ocrx_word' id='word_1_161' title='bbox 785 1301 862 1353; x_wconf 91' lang='lat' dir='ltr'><strong>sqq.</strong></span> <span class='ocrx_word' id='word_1_162' title='bbox 891 1303 1074 1343; x_wconf 83' lang='lat' dir='ltr'>Praeterea</span> <span class='ocrx_word' id='word_1_163' title='bbox 1106 1306 1352 1346; x_wconf 87' lang='lat' dir='ltr'>monendum</span> 
     </span>
    </p>
   </div>
   <div class='ocr_carea' id='block_1_4' title="bbox 196 1356 1349 1410">
    <p class='ocr_par' dir='ltr' id='par_1_4' title="bbox 196 1356 1349 1410">
     <span class='ocr_line' id='line_1_23' title="bbox 196 1356 1349 1410; baseline 0.006 -19"><span class='ocrx_word' id='word_1_164' title='bbox 196 1388 198 1390; x_wconf 93' lang='lat'>.</span> <span class='ocrx_word' id='word_1_165' title='bbox 221 1356 298 1403; x_wconf 77' lang='lat' dir='ltr'>est,</span> <span class='ocrx_word' id='word_1_166' title='bbox 314 1357 354 1395; x_wconf 85' lang='lat' dir='ltr'>in</span> <span class='ocrx_word' id='word_1_167' title='bbox 384 1356 457 1396; x_wconf 85' lang='lat' dir='ltr'>hac</span> <span class='ocrx_word' id='word_1_168' title='bbox 478 1356 572 1396; x_wconf 90' lang='lat' dir='ltr'>edit.</span> <span class='ocrx_word' id='word_1_169' title='bbox 601 1357 861 1408; x_wconf 79' lang='lat' dir='ltr'>undetriginta</span> <span class='ocrx_word' id='word_1_170' title='bbox 896 1357 1014 1398; x_wconf 86' lang='lat' dir='ltr'>libros</span> <span class='ocrx_word' id='word_1_171' title='bbox 1035 1358 1136 1409; x_wconf 83' lang='lat' dir='ltr'>effe,</span> <span class='ocrx_word' id='word_1_172' title='bbox 1161 1373 1304 1410; x_wconf 86' lang='lat' dir='ltr'>nempe</span> <span class='ocrx_word' id='word_1_173' title='bbox 1331 1374 1349 1399; x_wconf 78' lang='lat'>1</span> 
     </span>
    </p>
   </div>
   <div class='ocr_carea' id='block_1_5' title="bbox 217 1411 1352 2005">
    <p class='ocr_par' dir='ltr' id='par_1_5' title="bbox 217 1411 1352 2005">
     <span class='ocr_line' id='line_1_24' title="bbox 219 1411 1350 1466; baseline 0.004 -17"><span class='ocrx_word' id='word_1_174' title='bbox 219 1430 302 1441; x_wconf 86' lang='lat'><strong>·-—-</strong></span> <span class='ocrx_word' id='word_1_175' title='bbox 321 1424 369 1450; x_wconf 90' lang='lat'>10</span> <span class='ocrx_word' id='word_1_176' title='bbox 393 1413 490 1463; x_wconf 83' lang='lat'>&amp;31</span> <span class='ocrx_word' id='word_1_177' title='bbox 510 1425 682 1459; x_wconf 83' lang='lat'>——40‚</span> <span class='ocrx_word' id='word_1_178' title='bbox 711 1411 777 1450; x_wconf 85' lang='lat' dir='ltr'>sed</span> <span class='ocrx_word' id='word_1_179' title='bbox 803 1412 880 1451; x_wconf 83' lang='lat' dir='ltr'>{ine</span> <span class='ocrx_word' id='word_1_180' title='bbox 912 1412 1012 1452; x_wconf 85' lang='lat' dir='ltr'>libro</span> <span class='ocrx_word' id='word_1_181' title='bbox 1045 1427 1117 1466; x_wconf 78' lang='lat'>33,</span> <span class='ocrx_word' id='word_1_182' title='bbox 1141 1415 1205 1465; x_wconf 88' lang='lat' dir='ltr'>qui</span> <span class='ocrx_word' id='word_1_183' title='bbox 1234 1417 1269 1454; x_wconf 67' lang='grc' dir='ltr'>ὁὶ</span> <span class='ocrx_word' id='word_1_184' title='bbox 1300 1414 1350 1455; x_wconf 86' lang='lat' dir='ltr'>ab</span> 
     </span>
     <span class='ocr_line' id='line_1_25' title="bbox 223 1465 1352 1518; baseline 0.004 -15"><span class='ocrx_word' id='word_1_185' title='bbox 223 1465 405 1504; x_wconf 85' lang='lat' dir='ltr'>omnibus</span> <span class='ocrx_word' id='word_1_186' title='bbox 432 1465 559 1512; x_wconf 77' lang='lat' dir='ltr'>abest,</span> <span class='ocrx_word' id='word_1_187' title='bbox 575 1465 694 1515; x_wconf 87' lang='lat' dir='ltr'>usquc</span> <span class='ocrx_word' id='word_1_188' title='bbox 711 1466 759 1504; x_wconf 83' lang='lat' dir='ltr'>ad</span> <span class='ocrx_word' id='word_1_189' title='bbox 783 1467 875 1506; x_wconf 89' lang='lat' dir='ltr'>edit.</span> <span class='ocrx_word' id='word_1_190' title='bbox 892 1467 1167 1518; x_wconf 78' lang='lat' dir='ltr'>Moguntinam</span> <span class='ocrx_word' id='word_1_191' title='bbox 1187 1482 1196 1508; x_wconf 92' lang='lat'>:</span> <span class='ocrx_word' id='word_1_192' title='bbox 1227 1469 1291 1508; x_wconf 80' lang='lat' dir='ltr'>etfi</span> <span class='ocrx_word' id='word_1_193' title='bbox 1309 1471 1352 1508; x_wconf 83' lang='lat' dir='ltr'>in</span> 
     </span>
     <span class='ocr_line' id='line_1_26' title="bbox 220 1518 1351 1573; baseline 0.004 -15"><span class='ocrx_word' id='word_1_194' title='bbox 220 1519 420 1559; x_wconf 87' lang='lat' dir='ltr'>nonnullis</span> <span class='ocrx_word' id='word_1_195' title='bbox 437 1518 624 1570; x_wconf 88' lang='lat' dir='ltr'>exemplis</span> <span class='ocrx_word' id='word_1_196' title='bbox 641 1532 824 1559; x_wconf 84' lang='lat' dir='ltr'>numerus</span> <span class='ocrx_word' id='word_1_197' title='bbox 839 1522 1019 1561; x_wconf 77' lang='lat' dir='ltr'>denarius</span> <span class='ocrx_word' id='word_1_198' title='bbox 1033 1522 1170 1573; x_wconf 83' lang='lat' dir='ltr'>plenus</span> <span class='ocrx_word' id='word_1_199' title='bbox 1184 1523 1351 1563; x_wconf 80' lang='lat' dir='ltr'>videtur.</span> 
     </span>
     <span class='ocr_line' id='line_1_27' title="bbox 226 1573 1351 1630; baseline 0.005 -19"><span class='ocrx_word' id='word_1_200' title='bbox 226 1577 358 1612; x_wconf 76' lang='lat' dir='ltr'>Veneta</span> <span class='ocrx_word' id='word_1_201' title='bbox 387 1574 430 1622; x_wconf 86' lang='lat' dir='ltr'>I,</span> <span class='ocrx_word' id='word_1_202' title='bbox 462 1573 533 1614; x_wconf 86' lang='lat' dir='ltr'>fol.</span> <span class='ocrx_word' id='word_1_203' title='bbox 572 1587 639 1624; x_wconf 83' lang='lat' dir='ltr'>per</span> <span class='ocrx_word' id='word_1_204' title='bbox 676 1576 901 1614; x_wconf 60' lang='lat' dir='ltr'>Vincit-linum</span> <span class='ocrx_word' id='word_1_205' title='bbox 937 1578 1263 1630; x_wconf 66' lang='lat' dir='ltr'>Spirensbm‚.s1ve</span> <span class='ocrx_word' id='word_1_206' title='bbox 1300 1579 1351 1617; x_wconf 80' lang='lat' dir='ltr'>de</span> 
     </span>
     <span class='ocr_line' id='line_1_28' title="bbox 218 1627 1350 1683; baseline 0.005 -17"><span class='ocrx_word' id='word_1_207' title='bbox 218 1627 344 1678; x_wconf 81' lang='lat' dir='ltr'>Spita.</span> <span class='ocrx_word' id='word_1_208' title='bbox 384 1629 429 1668; x_wconf 94' lang='lat' dir='ltr'>In</span> <span class='ocrx_word' id='word_1_209' title='bbox 457 1627 532 1667; x_wconf 90' lang='lat' dir='ltr'>hac</span> <span class='ocrx_word' id='word_1_210' title='bbox 569 1628 742 1668; x_wconf 86' lang='lat' dir='ltr'>editione</span> <span class='ocrx_word' id='word_1_211' title='bbox 770 1629 899 1669; x_wconf 89' lang='lat' dir='ltr'>denuo</span> <span class='ocrx_word' id='word_1_212' title='bbox 931 1643 1117 1682; x_wconf 84' lang='lat' dir='ltr'>apparere</span> <span class='ocrx_word' id='word_1_213' title='bbox 1147 1632 1350 1683; x_wconf 84' lang='lat' dir='ltr'>epistolam</span> 
     </span>
     <span class='ocr_line' id='line_1_29' title="bbox 219 1682 1347 1738; baseline 0.004 -17"><span class='ocrx_word' id='word_1_214' title='bbox 219 1683 278 1731; x_wconf 80' lang='lat' dir='ltr'>Jo.</span> <span class='ocrx_word' id='word_1_215' title='bbox 302 1683 501 1732; x_wconf 80' lang='lat' dir='ltr'>Andreae,</span> <span class='ocrx_word' id='word_1_216' title='bbox 526 1682 705 1734; x_wconf 86' lang='lat' dir='ltr'>Episcopi</span> <span class='ocrx_word' id='word_1_217' title='bbox 734 1683 958 1733; x_wconf 82' lang='lat' dir='ltr'>Alerienfis,</span> <span class='ocrx_word' id='word_1_218' title='bbox 981 1699 1064 1736; x_wconf 87' lang='lat' dir='ltr'>quae</span> <span class='ocrx_word' id='word_1_219' title='bbox 1089 1688 1170 1736; x_wconf 83' lang='lat' dir='ltr'>jam</span> <span class='ocrx_word' id='word_1_220' title='bbox 1193 1687 1233 1725; x_wconf 89' lang='lat' dir='ltr'>in</span> <span class='ocrx_word' id='word_1_221' title='bbox 1252 1701 1347 1738; x_wconf 81' lang='lat' dir='ltr'>prae-</span> 
     </span>
     <span class='ocr_line' id='line_1_30' title="bbox 220 1737 1349 1788; baseline 0.007 -13"><span class='ocrx_word' id='word_1_222' title='bbox 220 1737 374 1776; x_wconf 87' lang='lat' dir='ltr'>cedenti</span> <span class='ocrx_word' id='word_1_223' title='bbox 409 1737 587 1777; x_wconf 85' lang='lat' dir='ltr'>Romana</span> <span class='ocrx_word' id='word_1_224' title='bbox 621 1738 712 1777; x_wconf 79' lang='lat' dir='ltr'>data</span> <span class='ocrx_word' id='word_1_225' title='bbox 738 1748 841 1788; x_wconf 82' lang='lat' dir='ltr'>erat,</span> <span class='ocrx_word' id='word_1_226' title='bbox 870 1741 1023 1780; x_wconf 89' lang='lat' dir='ltr'>monuit</span> <span class='ocrx_word' id='word_1_227' title='bbox 1049 1741 1281 1781; x_wconf 83' lang='lat' dir='ltr'>Maittairius</span> <span class='ocrx_word' id='word_1_228' title='bbox 1307 1742 1349 1783; x_wconf 86' lang='lat' dir='ltr'>in</span> 
     </span>
     <span class='ocr_line' id='line_1_31' title="bbox 218 1791 1351 1848; baseline 0.005 -17"><span class='ocrx_word' id='word_1_229' title='bbox 218 1791 356 1832; x_wconf 86' lang='lat' dir='ltr'>Annal.</span> <span class='ocrx_word' id='word_1_230' title='bbox 386 1801 536 1843; x_wconf 85' lang='lat' dir='ltr'>typogr.</span> <span class='ocrx_word' id='word_1_231' title='bbox 557 1801 653 1832; x_wconf 90' lang='lat' dir='ltr'>tom.</span> <span class='ocrx_word' id='word_1_232' title='bbox 680 1792 721 1839; x_wconf 85' lang='lat' dir='ltr'>I,</span> <span class='ocrx_word' id='word_1_233' title='bbox 744 1806 830 1846; x_wconf 83' lang='lat' dir='ltr'>pag.</span> <span class='ocrx_word' id='word_1_234' title='bbox 857 1795 907 1843; x_wconf 79' lang='lat'>69</span> <span class='ocrx_word' id='word_1_235' title='bbox 934 1797 972 1834; x_wconf 66' lang='grc' dir='ltr'>ὃς</span> <span class='ocrx_word' id='word_1_236' title='bbox 989 1804 1085 1835; x_wconf 90' lang='lat' dir='ltr'>tom.</span> <span class='ocrx_word' id='word_1_237' title='bbox 1107 1796 1174 1842; x_wconf 87' lang='lat' dir='ltr'>IV,</span> <span class='ocrx_word' id='word_1_238' title='bbox 1198 1809 1234 1846; x_wconf 92' lang='lat' dir='ltr'>p.</span> <span class='ocrx_word' id='word_1_239' title='bbox 1260 1797 1351 1848; x_wconf 67' lang='lat'><em>289,</em></span> 
     </span>
     <span class='ocr_line' id='line_1_32' title="bbox 217 1845 1350 1900; baseline 0.005 -14"><span class='ocrx_word' id='word_1_240' title='bbox 217 1847 276 1886; x_wconf 87' lang='lat' dir='ltr'>Ad</span> <span class='ocrx_word' id='word_1_241' title='bbox 292 1846 407 1885; x_wconf 85' lang='lat' dir='ltr'>finem</span> <span class='ocrx_word' id='word_1_242' title='bbox 423 1846 538 1896; x_wconf 87' lang='lat' dir='ltr'>hujus</span> <span class='ocrx_word' id='word_1_243' title='bbox 549 1847 642 1886; x_wconf 88' lang='lat' dir='ltr'>edit.</span> <span class='ocrx_word' id='word_1_244' title='bbox 658 1845 1020 1889; x_wconf 74' lang='lat' dir='ltr'>adscribiturannus</span> <span class='ocrx_word' id='word_1_245' title='bbox 1033 1850 1350 1900; x_wconf 86' lang='lat' dir='ltr'>MCCCCLXX,</span> 
     </span>
     <span class='ocr_line' id='line_1_33' title="bbox 221 1900 1347 1955; baseline 0.004 -14"><span class='ocrx_word' id='word_1_246' title='bbox 221 1903 257 1941; x_wconf 72' lang='grc' dir='ltr'>ἃ</span> <span class='ocrx_word' id='word_1_247' title='bbox 285 1900 538 1950; x_wconf 85' lang='lat' dir='ltr'>subjiciuntur</span> <span class='ocrx_word' id='word_1_248' title='bbox 564 1901 630 1941; x_wconf 82' lang='lat' dir='ltr'>sex</span> <span class='ocrx_word' id='word_1_249' title='bbox 661 1904 697 1941; x_wconf 83' lang='lat'>&amp;</span> <span class='ocrx_word' id='word_1_250' title='bbox 722 1904 977 1954; x_wconf 80' lang='lat' dir='ltr'>quadraginta</span> <span class='ocrx_word' id='word_1_251' title='bbox 1000 1903 1127 1943; x_wconf 81' lang='lat' dir='ltr'>versus</span> <span class='ocrx_word' id='word_1_252' title='bbox 1143 1934 1154 1952; x_wconf 84' lang='lat'>.,</span> <span class='ocrx_word' id='word_1_253' title='bbox 1179 1918 1274 1955; x_wconf 89' lang='lat' dir='ltr'>quos</span> <span class='ocrx_word' id='word_1_254' title='bbox 1295 1918 1347 1945; x_wconf 79' lang='lat' dir='ltr'>ex</span> 
     </span>
     <span class='ocr_line' id='line_1_34' title="bbox 219 1954 1347 2005; baseline 0.007 -12"><span class='ocrx_word' id='word_1_255' title='bbox 219 1955 400 2005; x_wconf 85' lang='lat' dir='ltr'>exemplo</span> <span class='ocrx_word' id='word_1_256' title='bbox 423 1954 538 2004; x_wconf 91' lang='lat' dir='ltr'>hujus</span> <span class='ocrx_word' id='word_1_257' title='bbox 563 1969 648 1995; x_wconf 88' lang='lat' dir='ltr'>raro</span> <span class='ocrx_word' id='word_1_258' title='bbox 673 1956 796 1996; x_wconf 79' lang='lat' dir='ltr'>obviae</span> <span class='ocrx_word' id='word_1_259' title='bbox 820 1958 1003 1997; x_wconf 81' lang='lat' dir='ltr'>editionis</span> <span class='ocrx_word' id='word_1_260' title='bbox 1026 1960 1068 1998; x_wconf 92' lang='lat' dir='ltr'>in</span> <span class='ocrx_word' id='word_1_261' title='bbox 1090 1958 1190 2000; x_wconf 82' lang='lat' dir='ltr'>Bibl.</span> <span class='ocrx_word' id='word_1_262' title='bbox 1217 1961 1347 2001; x_wconf 64' lang='lat' dir='ltr'>Senat-</span> 
     </span>
    </p>
   </div>
   <div class='ocr_carea' id='block_1_6' title="bbox 219 2009 823 2059">
    <p class='ocr_par' dir='ltr' id='par_1_6' title="bbox 219 2009 823 2059">
     <span class='ocr_line' id='line_1_35' title="bbox 219 2009 823 2059; baseline 0.003 -10"><span class='ocrx_word' id='word_1_263' title='bbox 219 2009 321 2059; x_wconf 88' lang='lat' dir='ltr'>Lips.</span> <span class='ocrx_word' id='word_1_264' title='bbox 349 2009 519 2049; x_wconf 83' lang='lat' dir='ltr'>exstante</span> <span class='ocrx_word' id='word_1_265' title='bbox 543 2009 823 2052; x_wconf 85' lang='lat' dir='ltr'>adscribimus:</span> 
     </span>
    </p>
   </div>
   <div class='ocr_carea' id='block_1_7' title="bbox 218 2124 1252 2561">
    <p class='ocr_par' dir='ltr' id='par_1_7' title="bbox 219 2124 1252 2237">
     <span class='ocr_line' id='line_1_36' title="bbox 219 2124 1252 2185; baseline 0.008 -22"><span class='ocrx_word' id='word_1_266' title='bbox 219 2124 393 2163; x_wconf 83' lang='lat' dir='ltr'>Proderat</span> <span class='ocrx_word' id='word_1_267' title='bbox 420 2125 518 2162; x_wconf 78' lang='lat' dir='ltr'>haud</span> <span class='ocrx_word' id='word_1_268' title='bbox 534 2126 702 2175; x_wconf 75' lang='lat' dir='ltr'>multum,</span> <span class='ocrx_word' id='word_1_269' title='bbox 730 2129 841 2174; x_wconf 64' lang='lat' dir='ltr'>Live,</span> <span class='ocrx_word' id='word_1_270' title='bbox 858 2127 922 2167; x_wconf 77' lang='lat' dir='ltr'>abs</span> <span class='ocrx_word' id='word_1_271' title='bbox 947 2139 979 2168; x_wconf 83' lang='lat' dir='ltr'>te</span> <span class='ocrx_word' id='word_1_272' title='bbox 993 2129 1131 2184; x_wconf 51' lang='lat' dir='ltr'>scripta</span> <span class='ocrx_word' id='word_1_273' title='bbox 1141 2131 1252 2185; x_wconf 68' lang='lat' dir='ltr'>fiuffe</span> 
     </span>
     <span class='ocr_line' id='line_1_37' title="bbox 275 2179 1066 2237; baseline 0.011 -21"><span class='ocrx_word' id='word_1_274' title='bbox 275 2179 471 2227; x_wconf 78' lang='lat' dir='ltr'>Maxima,</span> <span class='ocrx_word' id='word_1_275' title='bbox 488 2181 527 2231; x_wconf 87' lang='lat' dir='ltr'><em>fi</em></span> <span class='ocrx_word' id='word_1_276' title='bbox 549 2181 778 2233; x_wconf 29' lang='lat' dir='ltr'>Romae‘fhc‘la</span> <span class='ocrx_word' id='word_1_277' title='bbox 799 2184 884 2235; x_wconf 78' lang='lat' dir='ltr'>pari</span> <span class='ocrx_word' id='word_1_278' title='bbox 906 2184 1066 2237; x_wconf 81' lang='lat' dir='ltr'>eloquio:</span> 
     </span>
    </p>

    <p class='ocr_par' dir='ltr' id='par_1_8' title="bbox 218 2233 1142 2344">
     <span class='ocr_line' id='line_1_38' title="bbox 218 2233 1091 2291; baseline 0.008 -22"><span class='ocrx_word' id='word_1_279' title='bbox 218 2233 310 2284; x_wconf 75' lang='lat' dir='ltr'>Qua:</span> <span class='ocrx_word' id='word_1_280' title='bbox 334 2234 399 2286; x_wconf 54' lang='lat' dir='ltr'>set!</span> <span class='ocrx_word' id='word_1_281' title='bbox 418 2234 581 2285; x_wconf 56' lang='lat' dir='ltr'>desidiis,</span> <span class='ocrx_word' id='word_1_282' title='bbox 598 2235 672 2273; x_wconf 82' lang='lat' dir='ltr'>a&#39;lio</span> <span class='ocrx_word' id='word_1_283' title='bbox 690 2238 754 2289; x_wconf 75' lang='lat' dir='ltr'>seu</span> <span class='ocrx_word' id='word_1_284' title='bbox 778 2238 918 2275; x_wconf 82' lang='lat' dir='ltr'>crimine</span> <span class='ocrx_word' id='word_1_285' title='bbox 939 2241 1091 2291; x_wconf 81' lang='lat' dir='ltr'>quovis,</span> 
     </span>
     <span class='ocr_line' id='line_1_39' title="bbox 276 2285 1142 2344; baseline 0.013 -21"><span class='ocrx_word' id='word_1_286' title='bbox 276 2287 360 2324; x_wconf 81' lang='lat' dir='ltr'>Sive</span> <span class='ocrx_word' id='word_1_287' title='bbox 385 2285 420 2324; x_wconf 67' lang='grc' dir='ltr'>ὃ·</span> <span class='ocrx_word' id='word_1_288' title='bbox 448 2289 658 2340; x_wconf 79' lang='lat' dir='ltr'>temporibus</span> <span class='ocrx_word' id='word_1_289' title='bbox 679 2293 799 2329; x_wconf 58' lang='lat' dir='ltr'>cunda</span> <span class='ocrx_word' id='word_1_290' title='bbox 818 2291 892 2344; x_wconf 77' lang='lat' dir='ltr'>ftre</span> <span class='ocrx_word' id='word_1_291' title='bbox 922 2294 1142 2335; x_wconf 81' lang='lat' dir='ltr'>occiderant:</span> 
     </span>
    </p>

    <p class='ocr_par' dir='ltr' id='par_1_9' title="bbox 219 2341 1239 2488">
     <span class='ocr_line' id='line_1_40' title="bbox 219 2341 1239 2399; baseline 0.013 -23"><span class='ocrx_word' id='word_1_292' title='bbox 219 2341 372 2391; x_wconf 70' lang='lat' dir='ltr'>Quaque</span> <span class='ocrx_word' id='word_1_293' title='bbox 386 2342 634 2394; x_wconf 82' lang='lat' dir='ltr'>superfuerant</span> <span class='ocrx_word' id='word_1_294' title='bbox 659 2359 784 2396; x_wconf 78' lang='lat' dir='ltr'>opera,</span> <span class='ocrx_word' id='word_1_295' title='bbox 811 2346 882 2384; x_wconf 78' lang='lat' dir='ltr'>lzaec</span> <span class='ocrx_word' id='word_1_296' title='bbox 909 2359 980 2385; x_wconf 78' lang='lat' dir='ltr'>tam</span> <span class='ocrx_word' id='word_1_297' title='bbox 998 2363 1079 2387; x_wconf 76' lang='lat' dir='ltr'>rara</span> <span class='ocrx_word' id='word_1_298' title='bbox 1102 2349 1239 2399; x_wconf 79' lang='lat' dir='ltr'>videri,</span> 
     </span>
     <span class='ocr_line' id='line_1_41' title="bbox 282 2397 1005 2488; baseline 0.011 -57"><span class='ocrx_word' id='word_1_299' title='bbox 282 2397 335 2433; x_wconf 77' lang='lat' dir='ltr'>Ut</span> <span class='ocrx_word' id='word_1_300' title='bbox 358 2409 441 2446; x_wconf 81' lang='lat' dir='ltr'>pene</span> <span class='ocrx_word' id='word_1_301' title='bbox 470 2397 620 2488; x_wconf 61' lang='grc' dir='ltr'>ι’[ἴονιιηι</span> <span class='ocrx_word' id='word_1_302' title='bbox 647 2399 750 2449; x_wconf 77' lang='lat' dir='ltr'>copia</span> <span class='ocrx_word' id='word_1_303' title='bbox 782 2400 883 2438; x_wconf 86' lang='lat' dir='ltr'>nulla</span> <span class='ocrx_word' id='word_1_304' title='bbox 898 2402 1005 2453; x_wconf 77' lang='lat' dir='ltr'>fhret.</span> 
     </span>
    </p>

    <p class='ocr_par' dir='ltr' id='par_1_10' title="bbox 221 2448 1195 2561">
     <span class='ocr_line' id='line_1_42' title="bbox 221 2448 1195 2507; baseline 0.009 -21"><span class='ocrx_word' id='word_1_305' title='bbox 221 2448 273 2486; x_wconf 82' lang='lat' dir='ltr'>Et</span> <span class='ocrx_word' id='word_1_306' title='bbox 305 2450 482 2487; x_wconf 68' lang='lat' dir='ltr'><em>VIAVDE</em></span> <span class='ocrx_word' id='word_1_307' title='bbox 518 2452 585 2490; x_wconf 92' lang='lat' dir='ltr'>IN</span> <span class='ocrx_word' id='word_1_308' title='bbox 589 2454 624 2490; x_wconf 89' lang='grc' dir='ltr'><em>Ο</em></span> <span class='ocrx_word' id='word_1_309' title='bbox 658 2453 794 2490; x_wconf 84' lang='lat' dir='ltr'>debebis</span> <span class='ocrx_word' id='word_1_310' title='bbox 823 2465 862 2492; x_wconf 84' lang='lat' dir='ltr'>tu</span> <span class='ocrx_word' id='word_1_311' title='bbox 888 2470 1046 2507; x_wconf 73' lang='lat' dir='ltr'>quoque,</span> <span class='ocrx_word' id='word_1_312' title='bbox 1068 2456 1195 2505; x_wconf 63' lang='lat' dir='ltr'>formis</span> 
     </span>
     <span class='ocr_line' id='line_1_43' title="bbox 277 2503 1108 2561; baseline 0.012 -22"><span class='ocrx_word' id='word_1_313' title='bbox 277 2503 426 2557; x_wconf 76' lang='lat' dir='ltr'>Egregie</span> <span class='ocrx_word' id='word_1_314' title='bbox 453 2505 611 2557; x_wconf 77' lang='lat' dir='ltr'>impreffi&#39;t</span> <span class='ocrx_word' id='word_1_315' title='bbox 634 2507 701 2545; x_wconf 76' lang='lat' dir='ltr'>has</span> <span class='ocrx_word' id='word_1_316' title='bbox 720 2509 822 2546; x_wconf 86' lang='lat' dir='ltr'>modo</span> <span class='ocrx_word' id='word_1_317' title='bbox 843 2510 904 2561; x_wconf 81' lang='lat' dir='ltr'>qui</span> <span class='ocrx_word' id='word_1_318' title='bbox 929 2504 1080 2549; x_wconf 56' lang='lat' dir='ltr'>decada}</span> <span class='ocrx_word' id='word_1_319' title='bbox 1095 2527 1108 2549; x_wconf 88' lang='grc'>.-</span> 
     </span>
    </p>
   </div>
   <div class='ocr_carea' id='block_1_8' title="bbox 1033 2590 1114 2639">
    <p class='ocr_par' dir='ltr' id='par_1_11' title="bbox 1033 2590 1114 2639">
     <span class='ocr_line' id='line_1_44' title="bbox 1033 2590 1114 2639; baseline 0 -17"><span class='ocrx_word' id='word_1_320' title='bbox 1033 2590 1114 2639; x_wconf 83' lang='lat' dir='ltr'>g2</span> 
     </span>
    </p>
   </div>
  </div>
 </body>
</html>
