1582 2793
275 207 884 255 1··115TOR12⁴xRL÷'}.1
937 213 1070 257 tir..
1114 216 1172 259 H,
1312 218 1394 275 ως

113 312 385 363 fertiffimain
421 317 582 378 recipit
603 352 616 373 ‚
649 316 881 364 clamitans
903 353 916 373 .‚
949 322 1167 376 Provoca,
1206 321 1399 382 &fldem

106 394 244 451 plebis
275 395 464 452 imploro.
504 393 632 458 adeste
653 391 791 437 cives!
813 394 942 457 adeste
972 396 1315 443 conuulsizimzes!
1334 402 1399 442 ιη’·

113 467 180 509 hil
206 466 282 531 cst,
319 468 431 525 quod
457 465 690 525 e.2fiaeeffl’ris
721 468 936 521 tribunos,
973 469 1120 526 quibus
1146 469 1244 530 isjsz‘s
1278 472 1401 535 vestro

110 537 285 582 auxilio
305 555 410 597 opus
434 539 497 604 est.
527 537 762 582 Concitati
784 537 990 582 homines
1005 573 1019 594 ‚
1046 539 1186 585 veluti
1205 541 1256 585 ad
1276 558 1400 601 prm-

111 607 223 654 lium
243 643 257 663 ,
293 608 335 654 se
365 608 641 670 expediunt:
682 610 1040 672 apparebatque,
1072 626 1208 656 omne
1245 611 1401 658 discri-

111 698 215 729 men
245 682 417 737 adess'e;
449 681 562 728 nihil
601 683 808 746 cuiquam
839 682 1064 741 sanfflun,
1100 701 1194 731 non
1229 687 1398 746 publici

111 753 236 811 fore,
270 771 364 800 non
388 753 551 817 privati
575 753 700 814 jurie.
733 755 853 802 Huic
877 768 1009 803 tantae
1028 757 1274 819 tempestati
1295 776 1397 805 cum

113 826 156 872 se
186 826 392 873 consules
420 827 710 884 obrumbat,
740 827 870 874 facile
901 831 1071 891 experti
1094 829 1220 887 sunt,
1243 847 1399 892 parum

112 912 251 946 tutam
283 898 550 956 mais-:statem
584 899 676 945 line
705 900 879 949 viribus
910 903 1005 948 effe.
1048 902 1231 949 violatis
1266 903 1399 948 licto-

109 973 263 1031 ribus,
289 972 480 1019 fascibus
510 973 685 1030 fraffis,
719 988 743 1019 e
773 973 879 1020 foro
913 975 959 1020 in
994 976 1164 1022 curiam
1197 976 1399 1038 compel-

108 1046 267 1091 luntur
286 1080 299 1099 ‚
332 1044 524 1100 incerti,
554 1056 775 1107 quatenus
794 1046 969 1092 Volero
996 1061 1226 1094 exerceret
1253 1049 1397 1096 victo-

108 1118 236 1166 riam.
278 1117 626 1165 Conticescente
658 1116 818 1163 deinde
853 1120 1084 1178 tumultu,
1116 1138 1218 1168 cum
1253 1121 1298 1167 in
1332 1120 1399 1167 se-

110 1205 267 1238 natum
295 1189 453 1239 vocari
485 1188 697 1249 juffiffent
715 1227 728 1246 ‚
762 1204 1014 1253 queruntur
1044 1192 1230 1255 injurias
1265 1193 1360 1242 suas
1380 1231 1396 1252 ,

111 1263 209 1310 vim
242 1263 384 1325 plebis
404 1299 418 1320 ,
452 1261 699 1308 Voleronis
734 1264 978 1311 audaciam.
1029 1266 1188 1314 Multis
1226 1266 1397 1313 feroci-

108 1348 178 1383 ter
216 1337 342 1383 diois
373 1334 632 1391 sententiis,
670 1334 822 1381 vicere
857 1335 1084 1397 seniores,
1117 1339 1309 1402 quibus,
1337 1341 1397 1386 ira

108 1410 291 1455 Patrum
320 1405 530 1455 adversus
561 1406 856 1454 temeritatem
887 1408 1030 1471 plebis
1065 1411 1260 1469 certari,
1298 1427 1395 1458 non

108 1481 292 1545 placuit.

188 1559 303 1606 LVI.
341 1558 624 1606 Voleronem
653 1559 857 1623 amplexa
887 1559 1047 1607 favore
1075 1559 1199 1622 plebs
1230 1558 1393 1623 proxi-

106 1629 192 1676 mis
223 1630 421 1677 comitiis
450 1630 684 1678 tribunum
711 1631 833 1694 plebi
853 1645 975 1679 creat
1002 1633 1049 1678 in
1075 1649 1179 1679 eum
1199 1649 1397 1691 annum,

107 1705 186 1768 qui
203 1707 248 1751 L.
267 1704 495 1753 Pinarium
512 1740 527 1765 ‚
548 1706 594 1753 P.
618 1706 797 1752 Furium
823 1706 1028 1753 consules
1062 1706 1229 1752 habuit,
1278 1724 1394 1753 con·

107 1790 265 1842 traque
279 1777 487 1824 omnium
507 1777 775 1840 opinionem
789 1814 802 1836 ‚
817 1779 895 1841 qui
912 1795 1013 1825 eum
1033 1780 1252 1826 vexandis
1273 1780 1395 1842 prio-

107 1852 168 1898 ris
198 1851 305 1898 anni
341 1850 600 1898 consulibus
630 1851 941 1913 permissurum
977 1852 1257 1898 tribunatum
1294 1869 1393 1898 cre-

107 1925 298 1984 debant,
330 1924 432 1988 post
453 1924 682 1987 publicam
713 1923 890 1971 causam
917 1926 1099 1987 privato
1128 1926 1290 1973 dolore
1318 1927 1393 1974 ha-

106 1998 234 2055 bito,
264 2014 320 2045 ne
347 1999 493 2045 verbo
518 1999 700 2062 quidem
722 1997 907 2046 violatis
937 1998 1224 2057 consulibus,
1259 2017 1393 2064 roga-

108 2070 282 2118 tionem
320 2072 424 2118 tulit
461 2074 517 2119 ad
553 2071 807 2134 populum,
847 2084 897 2119 ut
928 2071 1090 2134 plebeii
1120 2072 1395 2135 magistratus

105 2143 287 2190 tributis
309 2145 505 2192 comitiis
542 2144 713 2192 fierent.
743 2144 875 2191 Haud
903 2155 1041 2207 parva
1074 2162 1142 2191 res
1179 2145 1258 2192 sub
1286 2147 1395 2192 titu-

110 2216 160 2264 lo
186 2217 331 2279 prima
361 2217 506 2280 specie
541 2217 728 2264 minime
747 2217 892 2265 atroci
928 2217 1176 2276 ferebatur3
1204 2219 1276 2266 sed
1295 2237 1394 2281 quae

107 2291 307 2353 patriciis
332 2307 516 2338 omnem
537 2290 800 2354 potestatem
826 2308 906 2354 per
934 2291 1166 2340 clientium
1188 2292 1395 2356 suffragia

106 2365 287 2411 creandi
306 2399 320 2423 ‚
341 2382 458 2430 quos
475 2365 674 2421 vellent,
708 2365 919 2412 tribunos
941 2366 1147 2413 auferret.
1181 2367 1299 2413 Huic
1320 2384 1392 2414 ac·

105 2435 223 2482 tioni
242 2472 257 2495 ‚
288 2437 540 2502 gratiffimae
569 2438 718 2501 plebi,
753 2456 858 2486 cum
878 2438 1046 2487 summa
1068 2440 1116 2486 vi
1143 2438 1394 2486 resisterent

104 2508 283 2567 Patresg
316 2527 430 2570 nec,
461 2528 562 2575 quae
587 2528 675 2558 una
697 2510 767 2559 vis
796 2512 853 2558 ad
872 2512 1311 2572 resistendumerat,
1343 2525 1393 2560 ut

1041 2586 1076 2630 L
1115 2600 1134 2645 3
