1582 2793
320 160 929 214 nisTomARUM
976 163 1107 212 Lm.
1153 163 1250 212 111.
1364 177 1455 226 227

160 275 318 337 'jubent
347 276 393 321 in
423 274 590 322 curiam
613 274 791 329 Patres,
832 273 951 318 haud
982 272 1121 336 ignari
1141 309 1153 330 ‚
1182 285 1350 337 quanta
1383 273 1458 319 in-

160 350 298 396 vidiae
318 350 569 395 immineret
590 345 856 409 tempestas:
884 361 1042 392 omnes
1061 347 1219 394 vastati
1251 348 1344 411 agri
1378 364 1456 410 pe-

159 423 502 485 riculorumque
537 421 875 467 imminentium
901 418 1050 466 causas
1073 421 1116 465 in
1150 419 1190 466 se
1216 419 1456 483 congestu·

157 511 257 543 ros:
288 493 679 556 mutationemque
709 510 806 540 eam
838 491 938 538 fore
972 491 1188 538 abolendi
1211 493 1289 539 fibi
1311 493 1456 557 magi-

156 568 346 625 stratus,
374 569 422 614 ni
457 565 676 614 consensu
708 565 990 624 resisterent,
1020 564 1307 628 imperioque
1338 566 1457 612 inhi-

152 641 304 689 hendo
330 641 490 688 acriter
510 640 556 685 in
584 656 755 702 paucos
781 638 1044 702 praeferocis
1066 637 1233 695 animi,
1258 652 1452 686 conatus

154 715 350 764 aliorum
373 715 740 778 comprimerent.
762 712 1003 777 Postquam
1023 711 1174 758 audita
1195 728 1292 757 vox
1313 713 1360 759 in
1381 712 1457 758 fo-

154 807 210 839 ro
239 790 301 838 est
338 790 589 852 praeconis,
623 791 773 836 Patres
805 789 852 834 in
887 788 1054 835 curiam
1088 787 1141 833 ad
1169 787 1456 835 decemviros

156 863 399 919 vocantis;
426 862 555 910 velut
576 878 700 910 nova
729 878 826 921 res,
857 862 961 924 quia
988 860 1316 907 intermiserant
1335 860 1454 923 jam-

153 937 233 984 diu
258 952 438 983 morem
472 934 739 982 consulendi
770 934 972 991 senatus,
1006 934 1319 981 mirabundam
1357 935 1455 998 ple-

153 1010 257 1057 bem
290 1008 549 1067 convertit,
578 1009 801 1071 Quidnam
825 1005 1054 1072 itzcidff’t,
1074 1026 1146 1053 cur
1172 1027 1225 1052 ex
1244 1025 1360 1055 tanco
1382 1013 1450 1055 iu-

150 1088 328 1131 terwzllo
345 1102 425 1129 rem
449 1083 653 1144 deficecam
671 1084 925 1144 uficrparetzt.
944 1086 1143 1150 Hostibus
1158 1087 1337 1146 belloque
1351 1104 1451 1147 gra-

151 1160 257 1203 tiam
280 1157 515 1201 habendam
533 1190 547 1212 ,
580 1158 693 1216 quod
709 1155 888 1215 solitum
915 1159 1144 1217 quidquam
1176 1161 1309 1204 liberae
1338 1162 1448 1205 civi-

148 1230 382 1290 tatisfieret.
416 1228 805 1291 Circumspectare
825 1229 1037 1276 omnibus
1058 1229 1148 1275 fori
1168 1231 1368 1292 partibus
1387 1231 1452 1278 se-

152 1315 390 1361 natorem,
424 1319 618 1367 raroque
646 1302 831 1366 usquam
863 1302 1110 1350 noscitare:
1144 1306 1314 1350 curiam
1339 1303 1445 1351 inde

149 1392 202 1422 ac
234 1375 520 1422 solitudinem
555 1375 672 1423 circa
702 1375 988 1424 decemviros
1024 1375 1222 1432 intueri;
1259 1393 1361 1423 cum
1394 1380 1447 1426 &

149 1449 232 1512 ipsi
254 1449 447 1498 invisum
469 1449 689 1496 consensu
710 1450 948 1514 imperium
961 1486 974 1509 ‚
993 1452 1044 1499 &
1063 1452 1188 1514 plebs
1201 1489 1214 1511 ,
1231 1453 1332 1516 quia
1351 1455 1446 1516 pri-

148 1524 265 1573 vatis
286 1523 354 1586 jus
369 1541 464 1572 non
481 1524 586 1571 efl‘et
603 1526 804 1572 vocandi
824 1525 1020 1572 senatum
1038 1563 1050 1585 ,
1071 1543 1167 1573 non
1191 1530 1444 1576 convenire

148 1597 297 1644 Patres
321 1598 751 1660 interpretarentur3
779 1597 867 1659 jam
898 1610 1032 1662 caput
1060 1598 1158 1645 fieri
1187 1601 1442 1651 libertatern

147 1672 449 1735 repetentium
467 1709 479 1731 ,
505 1673 536 1718 fi
563 1672 604 1718 se
631 1672 757 1736 plebs
785 1674 1001 1721 comitem
1032 1674 1202 1721 senatui
1227 1677 1301 1723 det
1317 1714 1330 1735 ‚
1356 1679 1408 1725 &
1425 1715 1441 1737 ,

143 1749 527 1812 quemadmodum
557 1749 704 1795 Patres
731 1750 888 1796 vocati
917 1740 1013 1795 non
1040 1763 1202 1796 coeant
1230 1751 1275 1796 in
1310 1751 1440 1798 sena-

143 1833 257 1880 tum,
275 1822 334 1870 fic
349 1822 474 1886 plebs
490 1823 652 1870 abnuat
672 1824 904 1871 deleftum.
924 1824 1032 1870 Haec
1051 1824 1251 1870 fremunt
1270 1825 1439 1890 plebes.

143 1897 326 1943 Patrum
359 1896 478 1943 haud
508 1895 599 1942 fere
629 1896 864 1961 quisquam
896 1897 942 1943 in
971 1897 1076 1944 foro
1096 1935 1110 1956 ‚
1137 1898 1183 1943 in
1215 1900 1323 1946 urbe
1351 1899 1440 1948 rari

142 1982 285 2017 erant.
332 1969 598 2033 indignitate
628 1986 777 2017 rerum
815 1970 1030 2017 cesserant
1066 1971 1112 2017 in
1146 1988 1305 2036 agros3
1338 1973 1438 2020 sua-

141 2059 332 2106 rumque
360 2054 677 2097 rerumerant
696 2079 710 2102 ,
744 2042 894 2089 amiffa
923 2042 1342 2106 publica:⁴tantum
1378 2047 1435 2093 ab

138 2115 306 2178 injuria
335 2115 376 2161 se
413 2115 555 2163 abeffe
583 2116 698 2175 rati,
728 2123 947 2180 quantum
969 2135 993 2164 a
1021 2131 1147 2164 coetu
1173 2121 1435 2184 congressu-

137 2205 227 2253 que
251 2188 572 2252 impotentium
593 2189 889 2236 dominorum
912 2190 954 2237 se
979 2191 1265 2238 amovifl'ent.
1304 2193 1433 2238 Post-

124 2273 273 2327 ‘quam
304 2262 428 2310 citati
466 2279 562 2310 non
597 2264 965 2322 conveniebant,
1004 2264 1162 2311 dimiffi
1194 2266 1311 2312 cix-ca
1348 2266 1430 2311 do-

137 2350 239 2381 mos
260 2335 562 2397 apparitores,
580 2335 710 2382 simul
729 2336 784 2382 ad
805 2336 995 2401 pignora
1024 2338 1261 2400 capienda,
1289 2336 1431 2383 scisci-

137 2407 438 2471 tandumque,
467 2425 574 2455 num
596 2400 807 2457 consulto
839 2410 1170 2457 deti-effluent?
1202 2409 1428 2469 referunt,

137 2479 337 2530 senatum
368 2480 418 2529 in
449 2482 564 2547 agris
597 2481 698 2532 effe.
737 2484 902 2532 Laetius
932 2483 978 2530 id
1006 2483 1275 2532 decemviris
1307 2483 1428 2541 acci-⁴

246 2554 254 2558 “
548 2558 554 2571 ’
1027 2556 1060 2601 Ρ
1100 2571 1125 2601 2
