1582 2793
196 192 285 223 212
544 168 1116 217 T1T1L1V11

189 282 407 349 pediffent
430 297 445 337 ;
489 278 563 327 sed
608 294 760 325 novus
803 277 951 324 subito
998 275 1172 323 additus
1217 284 1365 321 terror
1408 272 1486 324 effi

254 357 431 404 XXVI.
462 355 544 400 Vis
566 353 839 400 Sabinorum
875 351 1029 414 ingens
1054 365 1197 412 prope
1227 348 1283 395 ad
1312 345 1484 394 moenia

189 430 311 477 'urbis
344 427 496 474 infesta
528 425 827 489 populatione
861 423 1002 469 venit.
1042 420 1200 468 foedati
1233 419 1357 483 agri,
1390 433 1482 466 ter·

188 522 268 552 ror
290 502 472 564 inje&us
496 500 595 547 urbi
623 498 696 544 est.
738 498 861 542 Tum
897 496 1020 557 plebs
1048 494 1242 557 benigne
1270 509 1483 540 arma-ce·

186 577 266 640 pit.
298 572 636 622 reclamantibus
657 569 813 615 frustra
834 566 1023 612 tribunis
1042 601 1056 623 ‚
1072 565 1220 628 magni
1244 566 1335 610 duo
1355 580 1482 610 exer·

191 650 305 696 citus
324 647 488 710 scripti.
511 645 697 691 alterum
721 639 910 687 Nautius
931 650 1090 685 contra
1117 637 1309 683 Sabinos
1328 635 1486 683 duxit:

189 720 428 783 castrisque
451 719 504 766 ad
525 721 703 764 Eretum
728 713 883 777 positis
897 749 911 769 ‚
943 728 1022 773 per
1043 709 1358 772 expeditiones
1376 726 1481 772 par-

187 812 271 842 ‘vas
295 831 308 852 ‚
342 793 605 856 plerumque
639 787 871 834 nossurnis
904 783 1239 831 incursionibus
1260 820 1275 841 ,
1310 794 1482 829 tantam

189 869 443 916 vastitatem
474 867 519 911 in
542 863 708 911 Sabino
735 878 846 925 agro
881 857 1072 905 reddidit
1091 893 1104 913 ‚
1129 870 1178 903 ut
1196 893 1209 916 ‚
1248 872 1483 920 compara·

185 943 223 990 ti
244 941 298 987 ad
322 957 415 986 eam
434 974 447 997 ‚
478 953 621 1001 prope
655 933 807 981 ima&
840 932 962 980 bello
995 931 1106 979 fines
1135 929 1332 977 Romani
1356 929 1486 975 vide-

186 1027 357 1062 rentur.
392 1010 601 1058 Minucio
637 1024 782 1071 neque
814 1006 997 1053 fortuna
1023 1022 1105 1052 nec
1136 1003 1206 1052 vis
1232 1002 1369 1050 animi
1403 1019 1480 1049 ea-

187 1087 291 1133 dem
317 1085 364 1130 in
385 1083 580 1148 gerendo
608 1079 794 1143 negotio
816 1078 913 1126 fuit.
954 1095 1056 1124 nam
1075 1115 1088 1136 ‚
1113 1094 1215 1124 cum
1236 1075 1354 1122 haud
1374 1091 1484 1138 pro-

186 1159 265 1206 cul
294 1158 349 1204 ab
379 1156 507 1202 hoste
526 1153 663 1201 castra
683 1152 922 1216 posuisset,
950 1151 1072 1197 nulla
1098 1165 1374 1214 magnopere
1393 1147 1484 1196 cla-

186 1235 243 1281 de
275 1245 455 1293 accepta
474 1266 488 1288 ,
527 1227 675 1275 castris
704 1226 745 1274 se
773 1226 966 1290 pavidus
995 1225 1188 1272 tenebat.
1224 1223 1370 1285 Quod
1403 1222 1483 1269 ubi

187 1306 411 1354 :senserant
445 1303 625 1360 hostes,
664 1301 809 1350 crevit
849 1318 906 1347 ex
944 1312 1065 1346 metu
1098 1299 1279 1357 alieno,
1317 1311 1368 1345 ut
1398 1297 1481 1357 fit,

188 1379 402 1428 audacia:
430 1379 479 1424 &
494 1412 508 1436 ‚
544 1375 675 1423 noete
697 1372 845 1421 adorti
874 1372 1013 1419 castra
1032 1407 1046 1429 ,
1065 1371 1303 1434 postquam
1325 1386 1490 1433 parum

189 1454 262 1500 vis
294 1463 444 1514 aperta
469 1448 751 1513 profecerat,
786 1446 1062 1493 munitiones
1091 1443 1271 1507 postero
1294 1444 1365 1490 die
1396 1444 1483 1491 cir-

188 1525 414 1573 cumdant.
447 1539 549 1587 quae
576 1520 859 1584 priusquam,
883 1518 1082 1581 undique
1115 1516 1241 1564 vallo
1272 1515 1482 1578 objeElo,

189 1600 450 1649 clauderent
481 1597 629 1643 exitus
650 1631 663 1654 ,
701 1595 906 1660 quinque
934 1593 1109 1657 equites
1129 1628 1142 1651 ,
1179 1593 1297 1639 inter
1326 1590 1483 1637 statio-

192 1689 270 1719 nes
299 1670 493 1717 hostium
524 1668 689 1725 emiffi,
727 1668 920 1712 Romam
952 1665 1176 1728 pertulere
1196 1700 1210 1724 ‚
1246 1663 1481 1711 consulem

191 1744 534 1806 exercitumque
561 1739 767 1789 obsideri.
798 1739 922 1786 Nihil
946 1755 1028 1785 nec
1054 1752 1142 1785 tam
1169 1735 1482 1799 inopinatum,

190 1836 275 1866 nec
305 1834 395 1864 tam
425 1816 691 1879 insperatum
718 1812 918 1860 accidere
948 1811 1113 1875 potuit.
1155 1811 1306 1873 Itaque
1332 1820 1484 1855 tantus

192 1909 342 1955 pavor
365 1927 379 1949 ‚
410 1903 535 1937 tanta
566 1887 808 1952 trepidatio
844 1885 927 1932 fuit
946 1922 960 1944 ‚
989 1898 1158 1949 quanta
1178 1920 1192 1942 ‚
1232 1884 1264 1930 fi
1293 1884 1447 1930 urbem
1466 1883 1493 1942 ‚'

194 1982 290 2011 non
324 1963 494 2022 castra,
524 1962 672 2009 hostes
702 1959 971 2007 obfiderent.
1004 1958 1218 2004 Nautium
1253 1956 1483 2004 consulem

194 2036 430 2084 arceffunt.
478 2036 524 2082 in
555 2052 648 2099 quo
673 2050 776 2080 cum
809 2050 962 2096 parum
996 2031 1187 2095 praesidii
1224 2030 1484 2087 videretur,

195 2112 547 2174 dietatoremque
569 2108 656 2155 dici
679 2108 902 2171 placeret,
923 2106 998 2169 qui
1029 2123 1121 2151 rem
1147 2103 1389 2167 perculsam
1415 2118 1482 2148 re-

196 2183 392 2230 stitueret
412 2219 425 2241 ‚
460 2185 508 2228 L.
538 2181 781 2241 Quinffius
814 2180 1111 2226 Cincinnatus
1133 2174 1349 2224 consensu
1378 2191 1484 2221 om·-

197 2257 322 2303 nium
352 2256 738 2315 dicitur.‚Ope1-ae
773 2251 966 2314 pretium
999 2251 1058 2296 est
1078 2250 1256 2308 audire,
1285 2248 1363 2312 qui
1384 2263 1483 2293 om·

194 2331 266 2376 nia
303 2347 393 2392 prae
426 2327 596 2374 divitiis
628 2328 819 2372 humana
856 2325 1070 2388 spernunt
1091 2360 1104 2382 ‚
1138 2340 1282 2387 neque
1311 2320 1483 2369 honori

198 2419 361 2465 niagno
393 2400 546 2446 locum
565 2435 577 2457 ,
613 2415 757 2461 neque
787 2398 943 2444 virtuti
977 2409 1134 2459 putant
1155 2396 1267 2453 ess'e,
1304 2394 1382 2440 nifi
1404 2393 1481 2440 ubi

198 2473 330 2522 effuse
361 2474 542 2520 affluant
572 2487 696 2534 opes.
735 2472 841 2533 Spes
864 2469 994 2515 unica
1018 2469 1193 2532 imperii
1210 2467 1370 2532 populi
1388 2467 1482 2512 Ro-
