1582 2793
187 160 281 205 240
562 142 1146 191 T1T1L1V11

185 254 282 311 nia,
314 252 485 300 seducit
511 251 648 299 filiam
673 269 724 299 ac
752 252 974 300 nutricem
999 269 1148 317 prope·
1166 250 1404 300 Cloacinae
1429 251 1487 300 ad

185 330 391 376 tabernas
407 342 424 383 ,‘
439 327 604 391 quibus
632 344 756 374 nunc
778 328 931 374 Novis
952 327 1013 374 est
1034 345 1220 375 nomen.
1257 338 1391 390 atque
1423 327 1488 374 ibi

185 403 242 451 ab
274 402 397 450 lanio
430 401 578 449 cultro
612 413 793 463 arrepto
810 437 824 459 ‚
856 405 954 448 Hoc
978 419 1014 448 te
1036 421 1120 449 uno
1143 438 1156 460 ,
1183 419 1263 462 quo
1287 398 1489 464 poffum‚

186 478 274 535 ait,
293 481 419 524 modo
434 509 448 532 ‚
458 478 560 536 filia
574 508 590 531 ‚
610 479 656 520 in
677 477 902 521 libertatem
924 478 1108 521 vindico.
1143 475 1296 520 Petrus
1326 472 1488 520 deinde

186 550 348 614 puellae
383 547 637 613 transfigit3
675 546 1010 610 respectansque
1042 547 1098 593 ad
1131 546 1360 601 tribunal,
1400 547 1489 603 Te,

184 623 363 688 inquit,
383 627 504 686 Appi
519 659 534 679 ,
558 638 750 682 tztzzmque
781 636 906 682 caput
925 621 1140 682 sanguine
1170 622 1246 665 hoc
1283 619 1486 680 consecro.

184 699 401 747 Clamore
421 699 473 745 ad
495 711 581 744 tam
602 710 735 742 atrox
755 695 929 743 facinus
951 708 1057 743 orto
1081 694 1254 742 excitus
1281 695 1455 757 Appius
1471 728 1486 751 ‚

185 772 516 836 comprehendi
541 770 799 833 Virginium
819 768 956 832 jubet.
1000 769 1075 816 ille
1099 768 1222 815 ferro
1238 804 1252 826 ‚
1277 785 1486 832 quacun-

184 863 275 910 que
308 845 429 903 ibat,
456 843 579 890 viam
610 842 790 890 facere:
823 843 1000 898 donec,
1030 841 1322 889 multitudine
1350 841 1486 888 etiam

183 917 557 982 prosequentium
580 928 734 964 tuente
752 954 765 975 ‚
788 917 843 964 ad
872 929 1051 980 portam
1084 914 1298 980 perrexit.
1334 914 1486 962 Icilius

188 990 568 1054 Numitoriusque
590 990 810 1054 exsangue
829 1008 996 1053 corpus
1017 989 1236 1037 sublatum
1259 988 1488 1036 ostentant

185 1064 398 1128 populo:
435 1064 577 1112 scelus
608 1064 777 1126 Appii,
808 1064 969 1126 puella:
1001 1063 1230 1110 infelicem
1260 1061 1482 1120 formam,

185 1138 489 1185 neceffitatem
520 1137 656 1199 patris
686 1137 937 1200 deplorant.
976 1137 1221 1199 Sequentes
1253 1135 1487 1182 clamitant

184 1224 428 1270 matronae,
449 1213 617 1257 Eamne
647 1213 862 1257 liberorum
890 1213 1242 1271 procreandorum
1276 1211 1486 1255 conditio-

185 1291 311 1334 nem?
339 1305 387 1333 ea
412 1288 632 1347 pudicitiae
658 1288 835 1347 praemia
866 1282 978 1348 effe?
1011 1296 1279 1346 ceteraque,
1305 1299 1408 1345 quae
1437 1282 1485 1327 in

185 1361 264 1408 tali
296 1376 344 1406 re
369 1358 602 1406 muliebris
624 1358 789 1417 dolor,
806 1374 901 1421 quo
931 1356 993 1403 est
1019 1356 1225 1403 moestior
1253 1353 1486 1402 imbecillo

187 1434 367 1490 animo,
396 1450 454 1480 eo
486 1430 758 1479 miserabilia
791 1430 932 1494 magis
967 1428 1258 1493 querentibus
1296 1426 1487 1489 subjicit.

185 1507 405 1554 Virorum
427 1508 478 1554 &
497 1505 693 1553 maxime
714 1504 828 1552 Icilii
852 1520 952 1552 vox
976 1517 1075 1551 tota
1091 1539 1106 1561 ,
1124 1501 1381 1550 tribuniciae
1400 1517 1486 1564 po-

185 1582 351 1629 testatis
378 1599 429 1630 ac
456 1579 810 1645 provocationis
841 1579 898 1625 ad
925 1578 1152 1642 populum
1183 1588 1378 1641 ereptaev,
1402 1592 1485 1639 pu-

184 1655 497 1720 blicarumque
532 1653 926 1717 indignationum,
959 1664 1067 1699 erat.

234 1729 402 1776 XLIX.
414 1727 690 1775 Concitatur
705 1726 948 1772 multitudo
966 1723 1130 1788 partim
1148 1722 1388 1771 atrocitate
1403 1719 1483 1767 sce·

184 1801 314 1860 leris,
336 1801 497 1864 partim
522 1799 596 1863 spe
615 1816 695 1863 per
715 1799 1000 1846 occafionem
1022 1796 1279 1860 repetendae
1302 1794 1485 1841 liberta·-

186 1875 256 1922 tis.
277 1875 450 1938 Appius
471 1891 595 1921 nunc
618 1873 778 1922 vocari
801 1872 1005 1930 Icilium,
1027 1888 1148 1918 nunc
1169 1869 1484 1916 retractantem

186 1949 352 2011 arripi;
376 1948 609 2010 postremo
626 1983 640 2007 ‚
662 1965 767 1995 cum
786 1946 916 1995 locus
935 1946 1129 1993 adeundi
1148 1941 1483 2007 apparitoribus

185 2039 282 2069 non
312 2023 518 2077 daretur,
541 2022 660 2084 ipse,
681 2038 787 2069 cum
816 2020 995 2085 agmine
1026 2018 1326 2083 patriciorum
1344 2014 1482 2078 juve-

183 2111 296 2141 num
315 2111 395 2158 per
414 2095 594 2142 turbam
615 2097 802 2154 vadens,
824 2095 871 2141 in
891 2094 1081 2144 vincula
1103 2093 1207 2141 duci
1225 2092 1365 2155 jubet.
1386 2091 1481 2137 Jam

187 2169 306 2217 circa
331 2168 507 2216 Icilium
528 2186 625 2216 non
647 2169 794 2217 solum
818 2168 1091 2227 multitudo,
1109 2167 1183 2214 sed
1202 2167 1337 2213 duces
1357 2181 1483 2229 quo·

185 2260 276 2308 que
303 2242 602 2291 multitudinis
633 2255 760 2290 erant
782 2246 829 2290 L.
857 2242 1064 2290 Valerius
1086 2242 1142 2303 &2
1161 2240 1226 2287 M.
1248 2238 1481 2286 Horatius.

186 2318 290 2382 qui,
308 2316 487 2381 repulso
506 2317 687 2376 lictore,
704 2317 735 2362 fi
753 2316 851 2379 jure
870 2328 1037 2380 ageret,
1052 2314 1287 2371 vindicare
1306 2313 1348 2360 se
1364 2329 1387 2358 a
1401 2312 1483 2374 pri-

190 2401 303 2438 vato
323 2388 499 2436 Icilium
527 2387 731 2451 ajebant3
760 2387 792 2433 si
815 2387 911 2434 vim
938 2388 1095 2434 afferre
1125 2398 1367 2434 conaretur
1383 2418 1397 2442 ‚
1419 2382 1481 2429 ibi

192 2480 376 2532 quoque
396 2463 439 2512 se
460 2464 578 2513 haud
600 2463 794 2527 impares
819 2460 934 2511 fore.
968 2461 1089 2511 Hinc
1109 2472 1244 2508 atrox
1266 2459 1365 2507 rixa
1383 2457 1482 2506 ori-
