1582 2793
154 188 246 235 ψ.
531 168 1097 218 T1T1L1vl1

155 279 410 329 decemviri
431 280 788 342 comparabant,
813 296 931 344 quos
963 280 1026 327 ire
1046 280 1100 326 ad
1120 279 1287 328 bellum
1302 316 1316 339 ,
1339 297 1458 345 quos

153 356 335 421 praees'e
373 355 646 403 exercitibus
677 367 928 415 oporteret.
967 354 1199 418 Principes
1227 356 1346 403 inter
1375 357 1457 403 de-

153 430 386 477 cemviros
417 441 540 476 erant
562 430 624 488 Q.
649 427 807 474 Fabius
829 430 879 474 &
902 431 992 490 Ap.
1014 428 1252 477 Claudius.
1288 428 1459 475 bellum

155 502 283 549 dorni
311 501 453 564 majus
471 537 484 559 ,
515 519 650 565 quam
678 499 789 546 foris
805 535 818 558 ,
840 501 1096 562 apparebat.
1116 501 1255 564 Appii
1275 500 1461 548 violen-

156 578 264 626 tiam
300 580 524 641 aptiorem
552 578 636 625 rati
655 578 711 623 ad
739 576 1111 637 comprimendos
1131 579 1332 623 urbanos
1352 593 1460 624 mo-

157 665 253 698 tus:
282 652 329 699 in
355 653 496 700 Pahlo
529 651 677 698 minus
711 650 755 696 in
786 651 915 697 bono
952 649 1192 708 constans,
1225 668 1359 715 quam
1380 667 1462 698 na-

157 742 273 772 vum
298 726 342 773 in
367 726 532 772 malitia
551 762 564 783 ,
595 725 826 788 ingenium
857 724 955 771 effe„
989 725 1124 772 Hunc
1143 725 1265 772 enim
1285 725 1464 784 virum,

158 799 388 862 egregium
411 797 521 844 olim
545 798 671 844 domi
700 797 964 861 militiaeque
979 834 992 855 ‚
1014 799 1345 846 decemviratus
1367 799 1464 846 col-

159 874 364 937 legaeque
398 871 457 918 ita
491 884 809 931 mutaverant,
843 883 894 920 ut
921 873 1087 937 Appii,
1112 892 1251 938 quam
1288 873 1383 933 sui,
1412 873 1466 921 fi-

160 948 281 995 milis
301 946 456 993 mallet
481 946 581 993 effe.
606 945 713 994 huic
740 946 910 993 bellum
931 947 979 993 in
999 947 1172 995 Sabinis
1187 984 1201 1007 ‚
1226 949 1350 994 Man.
1373 948 1468 994 Ra-

162 1019 320 1082 bulejo
349 1021 398 1067 &
431 1020 491 1080 Q.
514 1018 711 1066 Poetelio
748 1020 909 1067 additis
940 1021 1159 1085 collegis,
1188 1021 1468 1069 mandatum.

163 1097 229 1143 M.
252 1093 497 1141 Cornelius
528 1094 573 1139 in
597 1092 811 1157 Algidum
846 1092 998 1141 miffus
1024 1112 1126 1143 cum
1155 1096 1204 1142 L.
1227 1094 1437 1142 Minucio
1454 1130 1470 1154 ‚

165 1170 216 1215 &
242 1168 299 1214 T.
327 1166 534 1213 Antonio
552 1200 565 1224 ‚
589 1167 637 1213 &
669 1165 861 1213 Caesone
888 1167 1056 1215 Duilio
1077 1204 1090 1226 ‚
1110 1170 1160 1216 ὅ(
1188 1168 1254 1214 Μ.
1283 1167 1470 1231 Sergio:

166 1242 241 1302 Sp.
259 1238 464 1302 Oppium
484 1240 567 1300 Ap.
585 1237 782 1284 Claudio
811 1237 1067 1300 adjutorem
1085 1240 1141 1286 ad
1162 1239 1323 1286 urbem
1343 1253 1472 1286 tuen-

167 1315 297 1372 dam,
328 1329 461 1376 aequo
492 1314 700 1359 omnium
731 1311 1106 1361 decemvirorum
1138 1312 1367 1376 imperio,
1398 1313 1474 1360 de-

165 1398 401 1434 cermlnts·

236 1461 372 1507 XLII.
394 1457 558 1504 Nihilo
590 1456 794 1516 militiae,
825 1475 961 1520 quam
989 1458 1150 1517 domi,
1185 1458 1346 1506 melius
1381 1453 1476 1505 res-

170 1532 354 1598 publica
374 1529 682 1580 administrata
703 1530 778 1577 est.
812 1531 891 1577 Illa
921 1534 1064 1580 modo
1087 1533 1134 1579 in
1169 1533 1360 1580 ducibus
1380 1532 1476 1580 cul-

173 1626 265 1673 pa,
298 1607 461 1671 quod,
495 1618 544 1652 ut
583 1606 694 1653 odio
724 1606 863 1653 effent
895 1607 1076 1656 civibus
1096 1645 1109 1666 ‚
1142 1607 1354 1656 fecerant.
1392 1608 1480 1656 alia

174 1681 326 1727 omnis
352 1696 489 1744 penes
522 1679 684 1726 milites
713 1697 834 1727 noxa
859 1693 982 1737 erat3
1017 1682 1122 1745 qui,
1155 1699 1211 1728 ne
1233 1682 1344 1745 quid
1364 1681 1480 1728 duc·

175 1772 225 1803 tu
259 1767 391 1817 atque
419 1753 619 1816 auspicio
652 1753 1024 1802 decemvirorum
1044 1755 1260 1818 prospere
1289 1755 1481 1819 usquam

177 1842 405 1894 gereretur
425 1865 438 1885 ‚
474 1828 598 1875 vinci
630 1827 671 1875 se
702 1846 782 1892 per
815 1830 943 1876 suum
967 1844 1102 1893 atque
1131 1829 1318 1876 illorum
1348 1829 1481 1875 dede-

180 1922 259 1952 cus
288 1904 586 1967 patiebantur.
622 1903 720 1950 Fufi
754 1907 803 1953 &
828 1904 883 1952 ab
912 1905 1088 1952 Sabinis
1117 1905 1173 1952 ad
1195 1907 1405 1963 Eretum,
1432 1904 1483 1952 &

181 1979 229 2025 in
252 1978 418 2041 Algido
445 1978 500 2024 ab
522 1978 679 2042 AEquis
694 2014 707 2035 ‚
730 1978 957 2026 exercitus
989 1991 1129 2026 erant.
1167 1979 1220 2024 ab
1245 1981 1383 2024 Ereto
1404 1993 1484 2040 per

181 2051 406 2098 silentium
453 2051 598 2097 noblis
644 2050 864 2115 profugi,
906 2053 1097 2116 propius
1132 2053 1324 2109 urbem,
1367 2051 1485 2097 inter

182 2125 371 2173 Fidenas
393 2125 836 2189 Crustumeriamque
855 2163 868 2185 ‚
903 2128 1012 2175 loco
1045 2127 1169 2173 edito
1192 2126 1328 2174 castra
1352 2142 1485 2173 com-

180 2197 457 2246 munierant.
500 2199 744 2261 persecutis
781 2199 987 2248 hostibus
1022 2201 1237 2264 nusquam
1273 2199 1316 2247 se
1351 2214 1486 2263 aequo

186 2270 432 2319 certamine
454 2271 793 2318 committentes
808 2308 824 2328 ‚
846 2287 1002 2320 natura
1025 2272 1118 2319 loci
1137 2289 1188 2319 ac
1210 2271 1361 2330 vallo,
1389 2287 1487 2317 non

188 2344 359 2394 virtute
389 2356 465 2391 aut
497 2343 631 2390 armis
649 2381 664 2402 ,
694 2344 974 2393 tutabantur.
1011 2344 1160 2407 Majus
1190 2344 1408 2409 flagitium
1441 2344 1490 2391 in

189 2406 388 2484 Algido,
423 2418 570 2481 major
600 2417 736 2466 etiam
772 2419 916 2466 clades
946 2433 1157 2483 accepta:
1193 2420 1333 2467 castra
1367 2434 1487 2483 quo-

189 2510 280 2556 que
312 2492 460 2540 amiffa
492 2505 651 2549 erant3
688 2492 936 2557 exutusque
975 2493 1192 2541 omnibus
1227 2491 1486 2540 utensilibus
