1582 2793
141 192 201 241 86.
491 186 714 234 TITI
786 185 1055 236 LIVII

139 298 260 349 luftu
282 296 396 344 verfi
423 296 469 342 in
498 296 635 355 iram,
664 298 850 343 Brutum
870 332 883 353 ,
917 294 1003 356 jam
1036 294 1141 342 inde
1168 295 1224 342 ad
1252 312 1428 360 expug-

139 372 340 423 nandum
366 387 552 434 regnum
568 384 840 429 vocantem,
858 369 1107 432 sequuntur
1125 370 1299 416 ducem.
1329 370 1427 417 Ela-

140 457 235 496 tum
257 445 396 491 domo
410 444 627 492 Lucretiae
646 460 811 506 corpus
832 444 878 489 in
900 442 1051 489 forum
1071 442 1303 502 deferunt,
1316 460 1431 490 con-

142 520 354 583 cientque
373 519 591 567 miraculo
608 555 622 578 ,
651 531 698 563 ut
717 517 767 563 fit
783 553 797 575 ‚
825 517 890 564 rei
915 535 1051 566 novae
1073 530 1206 581 atque
1229 516 1431 580 indigni-

144 605 234 639 tate
255 593 488 639 homines:
518 609 602 655 pro
626 591 667 637 se
693 590 877 654 quisque
904 590 1046 638 scelus
1065 592 1238 655 regium
1260 609 1311 638 ac
1332 592 1432 638 vim

149 678 416 729 queruntur.
436 668 601 712 Movet
619 677 715 710 tum
735 663 870 726 patris
889 663 1125 721 moestitia,
1140 675 1235 710 tum
1248 666 1432 722 Brutus,

148 739 385 803 castigator
419 738 699 785 lacrimarum
723 751 857 800 atque
882 734 1092 781 inertium
1125 736 1434 799 querelarum,

145 813 420 873 auclorquffi
456 811 581 873 quod
609 810 762 865 viros,
795 807 920 871 quod
948 807 1185 853 Romanos
1225 808 1432 868 deceret,

147 902 270 932 arma
292 883 497 946 capienui
517 881 729 930 adversus
747 881 925 928 hostilia
943 879 1085 927 ausos.
1122 882 1436 930 Ferociffimus

150 957 337 1021 quisque
361 955 580 1017 juvenum
609 972 709 1002 cum
731 954 864 1001 armis
887 953 1176 1000 voluntarius
1205 952 1336 1000 adest.
1367 952 1436 1000 se-

147 1033 300 1094 quitur
331 1033 377 1078 &
403 1044 548 1076 cetera
580 1029 809 1091 juventus.
841 1028 978 1086 Inde,
1004 1031 1100 1090 pari
1129 1026 1336 1090 praefidio
1367 1044 1439 1074 re-

149 1107 260 1152 huo
283 1104 493 1151 Collatiae
523 1105 578 1150 ad
605 1116 783 1166 portas,
814 1100 1162 1164 custodibusque
1197 1102 1309 1148 datis
1329 1138 1343 1160 ,
1380 1119 1438 1149 ne

140 1179 252 1239 -quis
282 1195 382 1224 eum
405 1188 580 1223 motum
609 1176 788 1239 regibus
809 1175 1063 1232 nuntiaret,
1094 1175 1231 1221 ceteri
1252 1177 1437 1234 armati,

151 1252 268 1298 duce
288 1253 427 1296 Bruto
445 1285 458 1306 ‚
484 1249 679 1295 Romam
698 1246 904 1310 profecti.
941 1247 1031 1294 Ubi
1059 1263 1115 1293 eo
1137 1261 1325 1296 ventum
1348 1249 1440 1310 est,

156 1339 429 1385 quacunque
458 1321 658 1378 incedit,
686 1332 850 1365 armata
877 1319 1123 1366 multitudo
1143 1337 1364 1382 pavorem
1393 1341 1445 1371 ac

157 1396 400 1440 tumultum
432 1392 552 1440 facit.
589 1390 737 1438 rursus
756 1426 769 1448 ,
804 1390 881 1437 ubi
913 1392 1082 1437 anteire
1110 1392 1331 1454 primores
1369 1394 1438 1442 ci·-

156 1470 311 1517 vitatis
336 1469 494 1515 vident
508 1505 521 1525 ,
554 1464 775 1530 quidquid
805 1465 856 1510 fit
871 1500 884 1523 ,
915 1465 1033 1512 haud
1052 1478 1218 1512 temere
1238 1466 1323 1513 effe
1342 1485 1443 1515 ren-

158 1558 244 1592 tur.
283 1546 381 1591 Nec
417 1543 641 1589 minorem
674 1552 852 1586 motum
883 1539 1139 1586 animorum
1168 1541 1328 1588 Romae
1356 1555 1446 1590 tam

159 1631 296 1670 atrox
315 1633 383 1663 res
401 1615 509 1663 facit
522 1652 536 1674 ,
551 1632 685 1677 quam
704 1612 914 1660 Collatiae
932 1612 1111 1659 fecerat.
1137 1616 1257 1678 Ergo
1278 1632 1333 1661 ex
1345 1633 1447 1673 *om-

161 1692 294 1737 nibus
318 1689 431 1737 locis
450 1689 572 1735 urbis
591 1688 636 1733 in
656 1687 806 1734 forum
827 1685 1033 1732 curritur.
1063 1688 1173 1746 Quo
1192 1688 1320 1734 fimul
1339 1706 1450 1736 ven-

163 1778 261 1811 tum
283 1764 343 1810 est
361 1800 374 1821 ‚
404 1779 556 1827 praeco
583 1762 638 1808 ad
660 1760 892 1806 tribunum
915 1760 1126 1807 Celerum
1141 1796 1155 1818 ‚
1175 1762 1222 1806 in
1240 1779 1333 1825 quo
1352 1775 1450 1811 tum

166 1838 420 1901 magistratu
442 1837 561 1883 forte
591 1836 754 1881 Brutus
787 1846 904 1891 erat,
939 1835 1162 1897 populum
1190 1835 1452 1884 advocavit.

165 1913 230 1958 lbi
257 1912 406 1958 oratio
425 1911 573 1957 habita
594 1947 608 1966 ,
635 1925 914 1972 nequaquam
933 1908 1026 1969 ejus
1047 1909 1241 1971 pectoris
1261 1910 1453 1973 ingenii-

165 2004 253 2048 que
269 2023 283 2045 ,
314 1986 439 2049 quod
465 1985 715 2033 simulatum
737 1983 791 2029 ad
809 1999 903 2028 eam
925 1982 1043 2028 diem
1060 1982 1228 2041 fuerat,
1259 1985 1312 2031 de
1338 1986 1386 2032 vi
1404 2003 1455 2034 ac

168 2059 357 2105 libidine
376 2057 499 2105 Sexti
524 2055 790 2119 Tarquinii,
827 2055 880 2101 de
900 2054 1053 2117 stupro
1081 2056 1268 2104 infando
1288 2060 1458 2106 Lucre-

169 2218 317 2252 morse
350 2203 453 2249 filiae
486 2202 614 2250 causa
644 2200 804 2247 mortis
834 2200 1066 2263 indignior
1091 2218 1142 2248 ac
1163 2201 1458 2254 miserabilior

171 2279 291 2327 esset.
342 2277 488 2324 addita
524 2276 728 2338 superbia
758 2275 892 2337 ipsius
920 2275 1065 2336 regis,
1099 2276 1376 2340 miseriaeque
1407 2279 1459 2326 &

171 2352 350 2398 labores
381 2348 551 2412 plebis,
592 2349 638 2393 in
676 2347 806 2394 fossas
841 2345 1102 2411 cloacasque
1136 2350 1460 2399 exhauriendas

174 2422 396 2470 demersae.
430 2422 667 2468 Romanos
686 2420 915 2476 homines,
936 2422 1132 2470 victores
1150 2424 1352 2473 omnium
1373 2425 1461 2471 cir-

175 2512 227 2543 ca
256 2494 564 2558 populorum,
594 2492 783 2557 opifices
809 2511 859 2542 ac
887 2495 1098 2558 lapicidas
1121 2512 1205 2558 pro
1229 2495 1462 2546 bellatori-
