1582 2793
159 218 219 268 54
509 204 1077 254 T1T1L1V11

152 309 274 357 haud
299 309 432 359 facile
465 311 518 360 iis
539 350 554 373 ‚
589 314 636 360 in
662 315 826 379 quibus
854 329 956 363 nata
979 328 1072 363 erat
1091 353 1104 375 ‚
1134 308 1379 363 humiliora
1401 315 1459 363 fi-

152 398 281 432 neret
317 404 398 446 ea,
431 405 533 452 quae
566 389 841 453 innupsisset.
885 391 1215 455 Spernentibus
1253 390 1459 438 Etruscis

151 461 498 522 Lucumonem,
541 463 694 510 exsule
730 464 908 512 advena
940 477 1125 524 ortum,
1157 464 1274 511 ferre
1301 464 1456 528 indig-

151 532 341 587 nitatem
382 552 478 582 non
516 536 670 598 potuit
696 552 709 592 ;
740 536 973 600 oblitaque
1001 537 1213 602 ingenitae
1239 554 1340 602 erga
1373 554 1458 601 pa-

151 607 286 654 triam
306 609 504 657 caritatis
520 646 533 668 ,
567 610 821 658 dummodo
846 610 1001 657 virum
1030 611 1308 658 honoratum
1327 610 1458 658 vide·

151 695 250 740 ret,
289 684 530 730 consilium
560 683 780 746 migrandi
814 683 871 729 ab
894 683 1153 746 Tarquiniis
1188 685 1321 747 cepit.
1359 685 1461 730 Ro-

152 771 226 803 ma
255 754 316 801 est
337 756 391 801 ad
412 756 457 801 id
477 755 760 818 potissimum
788 754 896 802 visa.
929 755 976 802 in
997 773 1127 805 novo
1146 757 1322 820 populo
1341 793 1355 816 ‚
1379 756 1461 805 ubi

153 828 306 874 omnis
336 829 576 891 repentina
608 841 741 893 atque
774 845 830 875 ex
861 829 1033 877 virtute
1055 831 1271 878 nobilitas
1294 830 1371 889 sit,
1390 829 1463 876 fu-

153 913 310 949 turum
340 900 494 949 locum
525 902 636 949 forti
667 920 717 950 ac
749 903 932 951 strenuo
961 904 1099 951 viro:
1131 903 1333 968 regnasse
1366 903 1461 949 Ta-

153 973 269 1020 tium
287 974 529 1022 Sabinum:
556 976 810 1022 arceffitum
832 976 881 1023 in
899 993 1088 1040 regnum
1106 977 1303 1024 Numam
1324 993 1349 1022 a
1367 976 1462 1022 Cu-

153 1046 280 1095 ribus
298 1066 308 1094 :
334 1050 383 1096 &
409 1050 588 1096 Ancum
607 1048 770 1095 Sabina
790 1061 932 1096 matre
954 1063 1109 1096 ortum
1125 1086 1139 1108 ‚
1163 1048 1465 1112 nobilemque

157 1136 246 1166 una
278 1121 471 1185 imagine
493 1122 658 1168 Numae
689 1122 788 1169 effe.
829 1122 975 1170 Facile
1005 1122 1265 1186 persuadet,
1291 1134 1343 1168 ut
1375 1138 1465 1169 cu-

154 1193 267 1257 pido
304 1195 566 1251 honorum,
600 1196 651 1242 &
674 1194 746 1240 cui
775 1195 1018 1260 Tarquinii
1048 1208 1251 1243 materna
1284 1207 1462 1245 tantum

154 1269 300 1331 patria
319 1270 437 1315 efl'et.
471 1269 667 1316 Sublatis
696 1269 850 1334 itaque
878 1272 1011 1319 rebus
1043 1271 1348 1335 commigrant
1366 1272 1462 1318 Ro-

155 1362 291 1391 mam.
312 1345 380 1391 Ad
402 1344 657 1392 Janiculum
677 1343 796 1391 forte
816 1358 1006 1392 ventum
1042 1356 1151 1391 erat.
1174 1344 1238 1391 ibi
1267 1345 1340 1403 ei,
1366 1361 1464 1392 car-

155 1434 300 1482 pento
328 1419 498 1466 sedenti
526 1436 631 1466 cum
670 1435 851 1478 uxore,
875 1420 1028 1484 aquila
1066 1418 1283 1482 suspensis
1307 1417 1468 1466 demis-

157 1491 203 1538 sa
234 1493 394 1539 leniter
418 1492 499 1540 alis
532 1492 702 1555 pileum
731 1492 908 1540 aufert:
940 1492 1159 1557 superque
1198 1506 1466 1556 carpentum

157 1580 265 1610 cum
296 1580 463 1628 magno
496 1564 711 1628 clangore
744 1563 978 1623 volitans,
1009 1563 1193 1623 rursus,
1220 1565 1351 1612 velut
1377 1565 1466 1611 mi-

159 1637 346 1684 nisterio
377 1638 596 1686 divinitus
630 1638 782 1697 missa,
813 1639 948 1702 capiti
975 1652 1078 1702 apte
1111 1639 1330 1702 reponit:
1361 1639 1468 1689 inde

162 1709 363 1757 sublimis
393 1711 518 1758 abiit.
556 1711 787 1774 Accepisse
818 1712 865 1758 id
894 1712 1131 1776 augurium
1165 1714 1267 1759 laeta
1301 1713 1468 1761 dicitur

161 1782 418 1847 Tanaquil,
441 1784 584 1847 perita
598 1820 612 1842 ‚
633 1797 683 1830 ut
704 1783 848 1848 vulgo
872 1784 1072 1843 Etrusci,
1089 1785 1340 1832 coelestium
1361 1801 1469 1849 pro-

162 1857 394 1921 digiorum
413 1859 587 1907 mulier.
622 1859 811 1907 Excelsa
833 1861 884 1908 &
905 1860 992 1906 alta
1026 1859 1201 1923 sperare
1229 1862 1472 1925 complexa

164 1932 319 1978 virum.
355 1930 491 1994 jubet.
537 1949 635 1978 eam
665 1932 815 1980 alitem
847 1931 896 1979 ea
925 1933 1115 1997 regione
1153 1932 1260 1981 coeli
1295 1935 1345 1980 &
1375 1931 1475 1994 ejus

165 2005 259 2053 Dei
296 2006 499 2052 nuntiam
530 2005 715 2054 veuifie.
762 2005 884 2053 circa
917 2005 1138 2052 summum
1169 2007 1351 2054 culmen
1383 2006 1472 2054 ho·-

167 2079 304 2125 minis
336 2080 586 2142 auspicium
618 2078 781 2127 fecisse.
830 2078 997 2127 levaffe
1029 2079 1231 2126 humano
1254 2078 1474 2143 superpo-

168 2154 303 2200 situm
343 2154 477 2217 capiti
513 2155 682 2212 decus,
721 2167 773 2202 ut
811 2153 1031 2202 divinitus
1068 2153 1213 2200 eidem
1252 2154 1474 2202 redderet.

168 2228 263 2275 Has
289 2227 384 2290 spes
419 2227 810 2291 cogitationesque
838 2226 986 2273 secum
1016 2238 1248 2290 portantes
1270 2263 1284 2285 ,
1315 2228 1475 2277 urbem

171 2299 350 2382 ingres-li
384 2301 512 2356 sunm
538 2300 871 2363 domicilioque
892 2300 956 2346 ibi
978 2311 1275 2363 comparato,
1293 2301 1341 2346 L.
1355 2302 1474 2348 Tar-

171 2376 252 2439 qui
242 2375 382 2422 nium
402 2375 602 2422 Prilcum
630 2374 806 2420 elidere
827 2390 979 2421 nome
981 2392 1011 2420 i.
1047 2373 1270 2422 Romanis
1291 2373 1475 2437 conspi-

174 2466 314 2496 cuum
349 2466 451 2496 eum
488 2465 550 2494 no
556 2447 670 2496 vitis
705 2446 837 2493 divis
826 2464 973 2512 :eque
1009 2446 1264 2494 faciebant:
1302 2448 1352 2494 &
1381 2447 1479 2510 ipse-

176 2522 414 2575 fortunam
450 2523 651 2591 benigno
688 2521 930 2587 alloquio,
971 2521 1184 2572 comitate
1218 2521 1478 2583 invitandi,
