1582 2793
173 127 271 167 '120
527 122 1083 176 TITILIVII

173 226 307 273 labat.
339 227 669 278 sciscitantibus
703 237 811 280 unde
842 237 911 281 ille
947 238 1151 283 habitus?
1181 241 1290 285 unde
1316 239 1457 299 destir-

173 302 300 344 mitas
318 301 343 345 ἓ
380 318 482 347 cum
508 302 771 351 circumfusa
791 308 921 354 turba
949 308 1055 354 effet
1084 326 1228 372 prope
1258 310 1304 356 in
1339 328 1456 358 con-

173 369 322 417 cionis
340 374 523 421 modum
542 412 556 433 ‚
574 380 734 424 Sabino
751 382 853 425 bello
866 414 880 436 ‚
904 379 988 437 ait,
998 382 1047 441 ste
1066 386 1312 428 militantem
1327 418 1339 440 ‚
1358 387 1457 444 quia

166 461 335 504 propter
349 454 644 508 populationes
663 454 755 511 agri
772 470 858 496 tzorz
867 452 1013 510 fruft'u
1032 458 1154 500 modo
1172 459 1347 501 caruerit
1354 492 1370 513 ,
1377 458 1464 517 sed'

174 520 281 563 villa
305 521 473 580 incensa
487 521 643 579 fuerit,
663 526 821 582 direpta
840 527 984 569 omnia
996 558 1009 580 ‚
1022 545 1175 585 pecora
1193 528 1337 573 abac‘la
1351 564 1365 586 ,
1384 533 1457 575 tri-

174 591 319 639 butum
347 595 492 653 iniquo
510 594 595 652 sico
624 611 796 655 tempore
822 599 1089 656 imperatum,
1121 618 1174 645 aes
1198 604 1379 646 alienum
1387 601 1457 660 fe*
1484 620 1487 624 ‘

176 661 299 727 ciffi:
337 668 386 710 id
419 671 672 712 cumulatum
715 669 881 729 ufiuis,
909 671 1123 731 primo‘se
1156 690 1256 733 agro
1282 690 1458 734 patemo

176 738 369 796 avitoque
391 736 540 801 exuzffiz
559 774 573 795 ‚
606 742 751 785 deinde
775 740 966 799 fortunis
992 746 1092 788 aliis
1103 761 1122 788 ·:
1138 746 1338 810 postremo
1351 781 1367 802 ,
1389 765 1459 792 νε·-

175 812 240 859 lut
262 812 394 855 tabem
414 832 429 866 ⁴,
447 811 667 876 perveniffe
695 815 755 858 ad
777 831 934 874 corpus.
968 815 1158 861 Duc‘lum
1177 817 1227 875 fi
1254 819 1306 861 ab
1331 821 1460 863 credi-

173 897 287 940 tore,
318 902 405 928 non
435 886 480 929 in
493 885 741 944 servitium,
751 887 834 946 fid
849 891 895 933 in
920 890 1161 954 ergastulum
1187 888 1228 935 δ’
1257 894 1461 951 carnifici·

175 975 278 1002 nam
310 955 394 1022 effi.
431 958 537 1005 Inde
569 958 790 1005 ostentare
821 972 994 1024 tergum
1013 997 1027 1020 ,
1060 960 1232 1008 foedum
1268 965 1461 1010 recenti-

173 1028 259 1076 bus
281 1030 477 1094 vestigiis
498 1032 750 1079 verberum.
786 1034 855 1080 Ad
877 1034 971 1081 haec
993 1034 1082 1080 visa
1105 1036 1343 1100 auditaque
1368 1038 1459 1084 cla-

173 1119 279 1150 mor
305 1103 461 1166 ingens
489 1104 648 1152 oritur.
682 1106 792 1152 Non
810 1105 895 1168 jam
913 1105 1019 1153 foro
1045 1106 1086 1153 se
1113 1110 1328 1156 tumultus
1348 1127 1459 1156 con-

173 1177 312 1237 tinet,
338 1179 409 1225 sed
428 1179 581 1241 paffim
598 1192 740 1227 totam
760 1178 917 1226 urbem
937 1180 1155 1243 pervadit.
1177 1183 1221 1228 N
1224 1199 1311 1229 exu
1332 1184 1460 1231 vinc-

175 1251 211 1299 ti
243 1252 471 1316 solutique
507 1253 779 1317 se'undique
811 1254 859 1301 in
896 1255 1130 1318 publicum
1169 1256 1462 1319 proripiunt;

174 1322 422 1387 implorant
443 1326 693 1386 Quiritium
716 1325 863 1375 fidem.
898 1327 1040 1374 Nullo
1070 1327 1178 1374 loco
1202 1328 1319 1374 deest
1345 1327 1461 1375 sedi-

175 1397 317 1444 tionis
347 1398 634 1446 voluntarius
664 1417 830 1448 comes.
859 1401 1011 1448 multis
1029 1401 1180 1465 paffim
1207 1401 1461 1466 agminibus

175 1486 256 1531 per
287 1487 446 1518 omnes
478 1472 576 1519 vias
609 1490 714 1520 cum
754 1473 950 1522 clamore
985 1474 1031 1519 in
1068 1473 1219 1520 forum
1249 1475 1460 1524 curritur.

175 1545 346 1607 Magno
366 1562 468 1592 cum
501 1546 704 1609 periculo
732 1547 840 1606 suo,
872 1547 946 1610 qui
976 1547 1093 1594 forte
1117 1548 1294 1595 Patrum
1321 1549 1368 1596 in
1389 1549 1460 1597 fo·

175 1632 233 1663 ro
263 1630 414 1675 erant,
445 1618 490 1664 in
517 1636 613 1665 eam
634 1620 811 1666 turbam
834 1619 1102 1666 inciderunt.
1140 1636 1223 1667 nec
1243 1633 1463 1684 tempera-

175 1701 275 1735 tum
294 1691 495 1738 manibus
516 1692 635 1739 foret
649 1729 663 1749 ‚
697 1692 744 1738 ni
762 1708 956 1755 propere
977 1691 1182 1740 consules
1199 1729 1213 1750 ‚
1239 1694 1283 1740 P.
1303 1694 1461 1741 Servi-

173 1761 260 1810 lius
291 1766 340 1812 &
369 1767 455 1827 Ap.
489 1766 737 1824 Claudius,
772 1766 828 1813 ad
861 1766 1243 1829 comprimendam
1276 1767 1463 1815 seditio·-

176 1853 281 1884 nem
303 1838 656 1886 intervenissent.
687 1842 734 1886 ln
765 1856 843 1886 eos
863 1840 1108 1886 multitudo
1128 1840 1252 1888 versa
1267 1877 1281 1900 ‚
1307 1842 1461 1888 osten-

174 1922 269 1957 tare
306 1912 487 1959 vincula
524 1912 596 1959 sua
630 1911 1052 1974 deformitatemque
1083 1912 1224 1959 aliam.
1272 1914 1382 1960 Haec
1418 1913 1462 1960 {e

177 1983 365 2031 meritos
401 1984 575 2042 dicere,
613 1985 937 2046 exprobrantes
970 1984 1091 2031 suam
1128 1984 1311 2047 quisque
1347 1984 1463 2033 aliu-s.

177 2054 283 2101 alibi
320 2056 540 2105 militiam.
583 2057 806 2104 postulare
841 2058 986 2104 multo
1022 2057 1256 2105 minaciter
1289 2058 1464 2120 magis,

175 2143 311 2189 quam
334 2128 620 2190 suppliciter,
641 2143 692 2176 ut
709 2129 904 2177 senatum
924 2143 1165 2178 vocarent:
1201 2129 1460 2193 curiamque

176 2197 292 2261 ipsi,
327 2199 467 2246 futuri
496 2202 651 2248 arbitri
688 2203 1080 2264 moderatoresque
1113 2201 1285 2264 publici
1317 2202 1462 2249 consi·

176 2270 226 2317 lii
250 2308 264 2329 ,
296 2272 498 2320 circumsi
522 2273 636 2322 lunt.
674 2275 807 2321 Pauci
841 2275 1082 2321 admodum
1111 2276 1285 2320 Patrum
1303 2310 1317 2332 ‚
1347 2289 1464 2337 quos

175 2344 303 2394 casus
322 2347 576 2406 obtulerat,
598 2348 815 2395 contra&
839 2348 894 2394 ad
921 2347 1150 2394 consules:
1179 2333 1354 2394 ceterbs
1370 2363 1464 2394 me-

178 2431 249 2473 tus
283 2436 380 2471 non
413 2422 537 2474 curia
563 2422 705 2472 modo
726 2457 741 2482 ,
764 2421 986 2472 sedetiam
1008 2421 1113 2470 foro
1149 2421 1342 2473 arcebat.
1377 2437 1465 2473 nec
