1582 2793
301 195 912 244 HlsToR1ARUM
957 195 1092 241 LIB.
1125 197 1225 243 111.
1349 209 1438 256 233

144 307 272 355 miles
293 343 309 366 ,
338 305 588 354 Tusculum
631 303 703 363 se,
738 302 826 349 fide
861 302 1259 369 misericordiaque
1292 303 1444 350 viEIu-

144 399 218 429 rus
239 381 485 446 hospitum,
507 379 646 445 (quae
668 390 817 425 tamen
844 394 938 424 non
966 377 1219 424 fefellerunt
1234 376 1273 442 ,)
1289 391 1450 425 contu·

140 459 266 505 lerat.
302 457 499 504 Romam
530 453 643 501 tanti
674 464 802 500 erant
833 466 1031 499 terrores
1062 451 1214 508 allati,
1246 466 1322 511 ut,
1360 468 1444 515 po-

141 529 228 576 sito
259 528 350 592 jam
371 526 664 575 decemvirali
697 526 839 584 odio,
869 525 1022 571 Patres
1052 524 1231 587 vigilias
1262 525 1308 570 in
1331 523 1443 570 urbe

144 603 372 652 habendas
395 602 656 651 censerent:
691 617 850 648 omnes
867 636 879 658 ‚
914 599 994 664 qui
1023 615 1103 663 per
1128 610 1302 645 aetatem
1324 616 1448 646 arma

144 677 264 725 ferre
294 677 500 740 poffent,
531 675 760 723 custodire
779 673 981 731 moenia,
1012 689 1064 720 ac
1090 688 1176 735 pro
1199 672 1344 734 portis
1364 671 1447 718 sta·-

147 751 298 799 tiones
327 767 455 816 agere
488 749 723 812 juberent:
757 765 877 795 arma
900 746 1150 795 Tusculum
1179 746 1236 793 ad
1265 745 1446 809 supple-

148 839 355 875 mentum
374 827 668 874 decernerent
681 861 695 884 ,
715 822 1090 887 decemvirosque
1105 858 1120 881 ,
1139 822 1195 869 ab
1212 838 1314 870 arce
1331 819 1451 870 Tus-

150 901 245 949 culi
284 899 508 964 degressos
530 936 545 959 ,
578 899 625 945 in
663 897 814 946 castris
848 896 1038 943 militem
1073 894 1270 941 habere:
1311 893 1454 941 castra

149 975 236 1022 alia
260 993 285 1022 a
304 973 479 1022 Fidenis
511 973 558 1020 in
580 972 796 1020 Sabinum
825 987 981 1035 agrum
1013 968 1275 1017 transferri:
1306 968 1454 1015 bello-

151 1064 238 1111 que
267 1047 392 1094 ultro
423 1045 665 1093 inferendo
695 1042 910 1092 deterreri
943 1042 1093 1090 hostes
1113 1058 1138 1089 a
1158 1040 1352 1090 consilio
1374 1058 1453 1089 ur-

153 1121 222 1170 bis
250 1122 584 1186 oppugnandae.

220 1195 378 1241 XLIII.
410 1194 481 1241 Ad
511 1193 659 1242 clades
687 1193 742 1239 ab
769 1191 974 1240 hostibus
1009 1201 1215 1253 acceptas
1246 1189 1342 1236 duo
1380 1205 1456 1235 ne-

156 1267 291 1315 fanda
322 1267 524 1317 facinora
561 1267 807 1316 decemviri
844 1266 950 1313 belli
982 1266 1201 1331 domique
1225 1263 1456 1326 adjiciunt.

159 1346 209 1391 L.
230 1343 431 1391 Siccium
455 1342 503 1389 in
521 1342 694 1390 Sabinis
708 1378 722 1401 ‚
761 1358 839 1404 per
860 1340 1085 1388 invidiam
1106 1337 1459 1386 decemviralem

158 1416 448 1464 tribunorum
487 1416 789 1464 creandorum
822 1412 1166 1476 seceffionisque
1201 1411 1459 1459 mentiones

158 1491 215 1538 ad
242 1491 405 1555 vulgus
433 1490 631 1537 militum
659 1487 943 1536 sermonibus
976 1485 1171 1533 occultis
1209 1484 1460 1544 serentem,

161 1562 529 1628 prospeculatum
544 1564 600 1610 ad
622 1562 779 1609 locum
798 1559 949 1607 castris
969 1559 1239 1624 capiendum
1256 1558 1462 1606 mittunt.

163 1637 292 1684 datur
325 1636 561 1701 negotium
593 1634 814 1682 militibus
834 1669 848 1692 ‚
887 1649 1004 1696 quos
1031 1631 1244 1679 miserant
1275 1631 1465 1694 expedi-

163 1711 304 1758 tionis
334 1710 429 1773 ejus
452 1710 643 1757 comites
663 1744 676 1767 ‚
704 1720 758 1755 ut
781 1724 885 1754 eum
916 1721 1186 1770 opportuno
1218 1705 1368 1752 adorti
1394 1705 1464 1752 lo-

166 1803 223 1834 co
244 1785 567 1833 interficerent.
586 1783 718 1830 Haud
736 1782 925 1828 inultum
944 1779 1224 1835 interfecere.
1251 1796 1355 1826 nam
1375 1778 1466 1826 cir-

168 1877 220 1907 ca
244 1871 569 1924 repugnantem
602 1858 780 1920 aliquot
804 1854 1087 1902 insidiatores
1107 1854 1339 1912 cecidere,
1360 1869 1467 1901 cum

171 1931 261 1996 ipse
281 1933 322 1980 se
340 1932 617 1996 praevalidus
631 1967 644 1989 ,
667 1929 765 1992 pari
785 1928 959 1975 viribus
978 1927 1133 1974 animo
1150 1964 1164 1984 ‚
1181 1927 1468 1974 circumven-

171 2019 241 2053 tus
261 2019 496 2053 tutaretur.
532 2004 758 2052 Nuntiant
789 2003 835 2050 in
865 2002 1003 2051 castra
1025 2001 1191 2060 ceteri,
1215 2000 1468 2066 praecipita-

169 2091 265 2126 tum
287 2080 334 2126 in
354 2079 533 2126 infidias
557 2078 642 2125 ess'e
655 2076 849 2125 Siccium
868 2075 1043 2140 egregie
1065 2088 1366 2140 pugnantem,
1385 2074 1468 2121 mi·

171 2153 359 2219 litesque
381 2153 598 2219 quosdam
625 2170 727 2200 cum
758 2168 814 2198 eo
838 2150 1031 2198 amiss'os.
1054 2151 1207 2198 Primo
1227 2148 1335 2197 fides
1355 2167 1471 2197 nun-

158 2229 390 2282 Jtiantibus
422 2229 521 2276 fuit.
560 2228 768 2275 prosena
790 2226 949 2273 deinde
983 2226 1153 2274 cohors
1182 2226 1236 2273 ad
1256 2224 1472 2288 sepelien-

176 2304 284 2362 dos,
302 2305 378 2369 qui
400 2305 686 2360 ceciderant,
706 2301 1072 2349 decemvirorum
1098 2299 1331 2364 permissu,
1350 2297 1474 2362 post-

179 2395 315 2442 quam
342 2379 517 2425 nullum
540 2377 783 2441 spoliatum
818 2376 878 2423 ibi
900 2392 1068 2439 corpus
1084 2412 1098 2433 ‚
1118 2374 1405 2436 Sicciumque
1424 2373 1473 2419 in

179 2453 332 2500 medio
349 2453 572 2516 jacentem
589 2464 900 2515 armatumque
914 2486 928 2509 ,
944 2449 1159 2497 omnibus
1179 2447 1226 2493 in
1247 2462 1352 2493 eum
1372 2462 1475 2494 ver-

179 2526 234 2574 fis
266 2526 568 2591 corporibus,
589 2525 777 2582 videt-<23
806 2523 1004 2571 hostium
1038 2534 1183 2583 neque
1212 2534 1382 2581 corpus
1403 2517 1476 2562 ul-

288 2623 306 2636 U
