1582 2793
317 196 1191 253 H1STOR'1ARUML113.1.
1359 200 1416 249 81

122 332 269 381 neque
302 332 360 362 ex
396 314 529 361 unius
564 326 662 359 tum
697 311 822 358 urbis
860 311 1010 373 praeda
1046 310 1335 374 sperandam,
1371 311 1423 358 &

125 391 293 438 nullius
309 426 322 448 ,
345 405 401 435 ne
419 388 586 434 horum
607 385 792 449 quidem
822 383 1169 448 magnificentiae
1198 400 1389 448 operum
1407 418 1425 442 ,

125 465 418 513 fundamenta
449 479 547 510 non
577 461 961 525 exsuperaturam.

193 539 308 586 LVI.
336 540 543 584 Intentus
576 534 860 599 perficiendo
893 534 1098 599 templo,
1127 533 1262 583 fabris
1295 534 1426 582 undia

128 629 216 678 que
246 628 303 657 ex
335 610 517 658 Etruria
551 609 734 668 accitis,
774 625 870 655 non
903 609 1097 672 pecunia
1126 607 1269 655 solum
1299 609 1354 656 ad
1381 608 1429 655 id

129 682 315 748 publica
346 681 407 727 est
439 680 568 739 usus,
604 679 677 726 sed
708 679 861 743 operis
892 679 1025 726 etiam
1062 696 1120 726 ex
1154 679 1298 742 plebe.
1351 680 1431 742 qui

132 770 237 806 cum
267 756 386 802 haud
413 771 582 818 parvus
609 756 660 803 &
686 755 779 818 ipse
801 754 973 801 militiae
1005 754 1242 801 adderetur
1270 752 1432 811 labor,

132 834 285 881 minus
321 844 473 877 tamen
505 830 632 894 plebs
665 829 968 893 gravabatur,
1005 828 1049 875 se
1078 826 1244 890 templa
1274 826 1433 874 Deum

134 905 415 955 exaedificare
441 904 649 951 manibus
680 902 792 950 suis:
830 919 930 967 quae
961 902 1146 966 posthac
1166 903 1217 950 &
1240 902 1295 948 ad
1316 901 1400 948 alia
1415 934 1435 959 ,

135 994 185 1028 ut
210 979 354 1044 specie
371 978 575 1035 minora,
594 976 654 1024 fic
671 977 839 1024 laboris
855 977 1088 1041 aliquanto
1110 975 1296 1039 majoris
1311 1012 1326 1036 ‚
1344 988 1434 1023 tra-

136 1055 388 1102 ducebatur
412 1067 581 1116 opera3
616 1050 746 1098 foros
776 1052 823 1098 in
847 1051 972 1099 circo
1009 1050 1271 1109 faciendos,
1304 1049 1435 1097 cloa-

138 1144 326 1193 camque
347 1126 592 1174 maximam
614 1161 628 1184 ‚
661 1126 1001 1189 receptaculum
1035 1126 1242 1173 omnium
1273 1139 1441 1188 purga-.

138 1212 400 1248 mentorum
417 1197 543 1243 urbis
558 1232 572 1255 ,
589 1195 668 1243 sub
689 1209 849 1244 terram
869 1198 1086 1263 agendam
1104 1216 1114 1244 :
1136 1196 1301 1262 quibus
1321 1196 1436 1242 duo-

138 1272 224 1321 bus
262 1269 477 1333 operibus
515 1267 599 1315 vix
635 1285 764 1316 nova
800 1269 896 1317 haec
931 1267 1266 1333 magnificentia
1304 1267 1440 1332 quid-

139 1360 275 1407 quam
299 1343 536 1405 adaequare
559 1343 726 1404 potuit.
763 1343 844 1388 His
874 1343 1103 1389 laboribus
1124 1341 1323 1388 exercita
1342 1339 1438 1403 ple-

143 1419 200 1465 be
217 1453 231 1476 ,
263 1416 368 1481 quia
399 1418 448 1464 &
472 1414 575 1461 urbi
601 1413 938 1462 multitudinem
956 1451 970 1475 ‚
1008 1415 1086 1462 ubi
1115 1413 1215 1461 usus
1248 1429 1343 1460 non
1369 1411 1440 1460 es·—

144 1491 233 1548 set,
264 1489 395 1536 oneri
419 1488 602 1535 rebatur
624 1489 737 1547 esse,
765 1490 814 1536 ὅ(
842 1488 1022 1537 colonis
1050 1487 1279 1535 mittendis
1299 1502 1440 1533 occu-

144 1566 242 1631 pari
260 1564 392 1612 latius
418 1562 599 1626 imperii
621 1561 733 1611 fines
750 1564 938 1611 volebat
957 1583 969 1621 ·‚
995 1563 1195 1628 Signiam
1213 1558 1440 1622 Circejos-

146 1656 235 1704 que
259 1638 456 1685 colonos
487 1636 606 1683 mifit
623 1672 637 1695 ,
668 1637 868 1700 praefidia
888 1639 991 1686 urbi
1018 1637 1167 1686 futura
1198 1650 1314 1684 terra
1343 1652 1440 1682 ma-⁵

147 1714 290 1776 rique.
320 1713 430 1757 Haec
448 1710 598 1775 agenti
627 1724 890 1775 portentum
924 1711 1125 1760 terribile
1158 1711 1317 1760 visum.
1359 1726 1442 1756 an«-

149 1788 276 1853 guis,
313 1802 368 1833 ex
402 1784 619 1832 columna
650 1785 797 1851 lignea
834 1786 1041 1851 elapsus,
1078 1803 1181 1834 cum
1219 1797 1443 1832 terrorem

151 1861 392 1925 fugamque
416 1858 464 1905 in
483 1858 649 1924 regiam
670 1858 865 1920 fecisset,
901 1861 1036 1924 ipfius
1068 1859 1184 1925 regis
1223 1874 1320 1904 non
1349 1868 1446 1902 tam

152 1935 302 1983 subito
331 1950 505 1997 pavore
522 1934 716 1997 perculit
747 1935 924 1998 pectus,
950 1952 1084 2000 quam
1111 1932 1256 1982 anxiis
1286 1930 1447 1994 imple·

150 2011 224 2058 ‘vit
252 2009 385 2055 curis.
424 2009 578 2072 Itaque
613 2024 715 2055 cum
744 2008 799 2055 ad
831 2008 1015 2072 publica
1041 2008 1250 2073 prodigia
1269 2004 1449 2054 Etrusci

156 2096 333 2131 tantum
362 2094 487 2130 vates
521 2082 868 2143 adhiberentur,
907 2084 999 2132 hoc
1033 2083 1161 2132 velut
1196 2082 1449 2130 domestico

156 2156 399 2207 exterritus
429 2153 556 2215 visu,
590 2156 805 2221 Delphos
841 2159 898 2206 ad
932 2159 1127 2205 maxime
1160 2156 1368 2205 inclitum
1401 2157 1449 2203 in

158 2233 286 2281 terris
307 2231 544 2279 oraculum
563 2231 740 2279 mittere
760 2232 923 2281 statuit.
960 2250 1107 2298 neque
1128 2231 1336 2296 responsa
1355 2231 1452 2278 sor-

158 2308 274 2354 tium
301 2304 384 2353 ulli
403 2305 479 2352 alii
498 2306 783 2354 committere
803 2307 956 2368 ausus,
992 2308 1106 2355 duos
1125 2302 1246 2354 filios
1273 2324 1353 2370 per
1383 2306 1454 2371 ig-

161 2392 294 2428 notas
312 2395 362 2428 ea
378 2378 637 2443 tempestate
654 2393 816 2441 terras,
830 2381 1062 2446 ignotiora
1080 2381 1218 2428 maria
1231 2417 1245 2440 ‚
1261 2381 1308 2428 in
1323 2382 1455 2427 Grae-

163 2455 279 2502 ciam
297 2452 428 2499 misit.
460 2453 595 2502 Titus
617 2456 668 2503 &
688 2457 837 2503 Aruns
864 2454 1068 2520 profeffli.
1105 2470 1256 2502 comes
1290 2452 1355 2499 his
1376 2452 1455 2498 ad-

165 2529 281 2575 ditus
316 2529 364 2574 L.
387 2527 541 2575 Junius
566 2529 724 2580 Brutus
739 2565 755 2592 ,
777 2529 1027 2596 Tarquinia
1051 2527 1206 2577 sorore
1234 2525 1348 2590 regis
1363 2529 1459 2578 ‘nae

232 2605 284 2651 T.
306 2606 400 2652 Lis-1.
424 2607 520 2652 Vol.
540 2608 580 2653 Ι.
1126 2605 1157 2648 F
