1582 2793
307 170 1185 225 HIST·OR1ARUML113.11.
1302 194 1383 244 ¹45

102 281 283 330 civibus
314 282 457 328 vilior
491 294 613 339 erat,
646 293 695 328 ut
723 281 814 328 alio
852 300 1036 330 munere
1067 286 1142 330 sibi
1179 289 1389 335 reconci—

101 355 232 400 liaret
264 354 431 400 civium
466 353 641 399 animos
664 389 676 410 ‚
699 351 854 414 jubere
888 371 972 415 pro
1002 357 1154 402 Siculo
1193 358 1390 404 frumen-

101 440 152 473 to
198 427 426 479 necuniain
478 441 707 488 acceptam
749 426 935 472 retribui
983 430 1171 488 populo.
1220 432 1266 476 ld
1307 449 1391 478 ve—

102 516 157 546 ro
178 501 291 546 haud
321 499 472 555 secus,
497 516 630 561 quain
668 498 929 560 praeli-ntem
961 502 1210 546 mercedem
1240 505 1390 566 regni,

102 574 332 637 aspernata
353 574 519 636 plebes.
553 575 666 619 adeo
686 587 872 635 propter
894 573 1191 635 suspicionem
1219 577 1390 624 inlitam

102 647 268 710 regni,
304 646 431 692 velut
466 647 742 692 abundarent
778 646 965 703 omnia,
995 664 1181 713 munera
1216 649 1310 709 ejus
1345 652 1392 696 in

104 720 264 767 animis
283 720 521 766 hominum
543 719 876 782 respuebantur.
899 722 1075 780 Quem,
1095 723 1172 767 ubi
1194 723 1392 784 primum

104 792 363 855 magistratu
399 792 539 851 abiit,
579 793 835 838 damnatum
871 806 1168 859 necatumque
1202 796 1395 845 constat.

103 868 250 924 Sunt,
285 867 362 930 qui
394 879 565 928 patrem
599 866 829 911 auuorem
869 864 961 926 ejus
996 868 1202 931 supplicii
1232 869 1394 917 ferant.

105 956 236 998 eum,
272 940 455 1004 cognita
487 938 612 985 domi
648 937 804 996 causa,
834 939 1082 986 verberasse
1106 959 1158 988 ac
1191 944 1395 1003 necasse,

105 1015 428 1079 peculiumque
454 1012 530 1060 filii
554 1014 712 1060 Cereri
743 1013 1083 1062 consecraviffe.
1122 1016 1295 1081 signum
1321 1019 1396 1066 in·—

106 1087 161 1133 de
194 1086 359 1135 saelum
391 1087 502 1144 effe,
533 1087 583 1133 &
615 1086 907 1149 inscriptum,
937 1102 1002 1135 EX
1027 1090 1211 1137 CAssiA
1239 1104 1398 1138 FAMI-

109 1175 193 1208 1.1A
224 1175 426 1209 DATUM.
462 1160 655 1208 Invenio
688 1163 806 1224 apud
837 1161 1080 1224 quosdam,
1119 1163 1256 1228 idque
1286 1183 1398 1228 pro·-

108 1235 207 1297 pius
236 1233 367 1280 fidem
391 1233 481 1292 est,
509 1251 530 1280 a
554 1235 854 1297 quaestoribus
878 1235 1069 1282 Caesone
1102 1237 1240 1284 Fabio
1269 1240 1319 1286 &
1346 1242 1400 1288 L.

109 1307 295 1354 Valerio
329 1306 445 1353 diem
476 1307 635 1353 <mam
663 1308 1012 1370 perduellionis,
1047 1310 1402 1376 damnatumque

108 1379 271 1442 populi
308 1379 508 1439 judicio:
542 1379 710 1425 dirutas
740 1379 921 1442 publice
951 1381 1079 1428 aedes.
1127 1398 1174 1428 ea
1208 1383 1270 1430 est
1299 1402 1403 1431 area

109 1464 213 1505 ante
242 1451 437 1498 Telluris
475 1451 629 1499 aedem.
666 1453 881 1498 Ceterum
921 1453 1011 1500 five
1045 1454 1157 1500 illud
1184 1456 1402 1504 domesti-

111 1543 214 1573 cum
234 1561 247 1582 ‚
272 1526 364 1572 five
393 1526 625 1588 publicum
656 1526 739 1572 fuit
766 1525 1010 1586 judicium,
1044 1528 1279 1576 damnatur
1307 1533 1404 1579 Ser.

110 1599 361 1657 Cornelio,
392 1601 452 1659 Q.
481 1600 619 1646 Fabio
643 1599 916 1647 consulibus.

191 1675 332 1721 XLII.
364 1675 495 1721 Haud
518 1675 731 1721 diuturna
750 1675 814 1722 ira
835 1673 996 1738 populi
1016 1674 1061 1721 in
1086 1676 1279 1724 Cassium
1306 1678 1408 1728 fuit.

114 1747 332 1796 Dulcedo
359 1747 543 1811 agrariae
565 1748 674 1812 legis
700 1747 789 1810 ipsa
819 1765 898 1810 per
917 1747 958 1794 se
976 1785 988 1806 ‚
1021 1749 1174 1796 demto
1195 1750 1406 1810 aridiore,

111 1820 284 1866 subibat
315 1820 512 1867 animos:
539 1820 810 1879 accensaque
834 1837 884 1866 ea
915 1820 1135 1884 cupiditas
1164 1821 1225 1868 est
1248 1824 1409 1888 malig-

115 1895 250 1940 nitate
266 1894 467 1947 Patrum3
491 1894 592 1956 qui,
609 1892 797 1940 deviffis
816 1910 872 1940 eo
893 1911 1016 1940 anno
1036 1893 1215 1941 Volscis
1230 1896 1406 1959 AEquis·

116 1964 227 2028 que,
260 1964 448 2012 militem
472 1967 620 2028 praeda
647 1967 930 2016 fraudavere.
974 1969 1195 2033 quidquid
1227 1983 1411 2033 captum

117 2057 172 2086 ex
203 2038 410 2086 hostibus
435 2038 524 2098 est,
553 2040 762 2086 vendidit
789 2040 947 2087 Fabius
978 2040 1165 2100 consul,
1202 2059 1252 2089 ac
1281 2044 1412 2089 rede-

117 2112 180 2175 git
206 2111 251 2158 in
273 2111 519 2174 publicum.
560 2112 758 2159 Invisum
783 2126 876 2159 erat
901 2112 1085 2160 Fabium
1114 2131 1285 2161 nomen
1312 2115 1411 2178 ple-

117 2184 164 2231 bi
196 2197 385 2247 propter
416 2185 712 2232 noviffimum
745 2185 1007 2232 consulem:
1041 2199 1226 2233 tenuere
1261 2201 1414 2235 tamen

119 2257 294 2314 Patres,
326 2268 376 2302 ut
395 2272 498 2302 cum
520 2258 567 2303 L.
584 2258 769 2304 AEmilio
785 2258 915 2305 Caeso
938 2258 1095 2305 Fabius
1115 2258 1272 2306 consul
1293 2277 1413 2306 crea-

121 2344 257 2378 retur.
294 2333 362 2377 Eo
393 2329 598 2378 infestior
627 2331 738 2379 fafla
771 2333 924 2396 plebes
954 2328 1173 2380 seditione
1202 2332 1417 2380 domesti-

121 2422 172 2453 ca
199 2402 368 2450 bellum
394 2417 630 2451 externum
665 2406 866 2453 excivit:
901 2406 1026 2453 bello
1059 2406 1219 2452 deinde
1255 2405 1417 2453 civiles

123 2476 361 2523 discordiae
391 2477 662 2527 intermiffae.
696 2496 792 2527 uno
819 2478 972 2525 animo
1003 2480 1154 2524 Patres
1184 2496 1236 2526 ac
1266 2478 1418 2540 plebes

193 2551 243 2597 T.
267 2553 360 2598 Liv.
385 2554 480 2598 Vol.
502 2554 538 2597 I.
1073 2551 1117 2596 K.
