1582 2793
274 161 876 211 HisToatAaUM
924 167 1057 214 ΜΒ.
1101 169 1160 216 11.
1294 189 1350 235 95

64 269 227 328 nium,
267 272 357 318 sme
388 272 621 318 mentione
659 273 830 318 reditus
868 274 990 321 bona
1022 289 1196 324 tantum
1229 295 1356 341 repe-

63 355 220 390 tentes.
253 362 411 391 eorum
428 346 566 393 verba
586 345 821 407 postquam
839 346 885 391 in
905 347 1056 395 senatu
1073 352 1222 398 audita
1241 352 1360 411 sunt,

63 430 142 473 per
172 415 348 477 aliquot
377 417 468 462 dies
488 433 540 463 ea
565 415 842 463 consultatio
864 418 1035 464 tenuit:
1069 437 1124 465 ne
1145 439 1239 469 non
1260 425 1360 470 red-

64 489 153 534 dita
174 526 187 547 ‚
228 490 333 536 belli
365 491 527 546 causa;
560 491 753 549 reddita,
794 492 899 537 belli
932 493 1117 539 materia
1150 497 1199 542 &
1229 496 1360 557 adju-

63 578 266 610 mentum
295 565 446 611 effent.
475 567 659 611 Interim
681 566 813 629 legati
833 566 908 612 alii
929 567 1014 613 alia
1033 567 1211 626 moliri,
1233 588 1360 632 aper-

64 648 107 680 te
140 637 263 683 bona
296 651 548 700 repetentes
568 675 581 695 ,
615 640 728 686 clam
759 640 1057 700 recuperandi
1084 641 1209 704 regni
1242 659 1358 689 con-

64 708 156 755 silia
187 710 382 757 struere:
418 716 494 770 &,
527 725 738 776 tanquam
767 713 823 759 ad
859 712 928 770 id,
965 714 1091 776 quod
1118 715 1192 778 *agi
1226 716 1359 763 vide-

64 783 195 829 batur
217 823 228 840 ,
260 787 507 833 ambientes
544 787 769 833 nobilium
799 785 1149 834 adolescentium
1182 788 1358 836 animos

65 873 334 919 pertentant.
364 879 387 907 a
406 863 567 924 quibus
587 861 761 923 placide
782 860 933 906 oratio
955 873 1138 924 accepta
1165 861 1226 908 est
1241 898 1256 921 ‚
1290 863 1358 910 his

66 931 213 980 lit-eras
253 935 307 981 ab
341 935 603 999 Tarquiniis
637 933 861 989 redclunt3
905 934 955 981 ὃ(
995 935 1049 980 de
1083 934 1358 999 accipiendis

66 1006 179 1052 clam
214 1009 344 1054 nofte
366 1008 410 1053 in
430 1009 588 1055 urbem
607 1007 787 1070 regibus
807 1007 1151 1071 colloquuntur.

131 1083 208 1128 IV.
239 1082 437 1128 Vitelliis
468 1082 764 1146 Aquilliisque
800 1081 1012 1129 fratribus
1045 1083 1195 1145 primo
1226 1100 1358 1130 com-

64 1154 188 1200 missa
211 1172 281 1203 res
302 1155 377 1203 est.
412 1156 708 1203 Vitelliorum
736 1155 866 1202 soror
892 1154 1068 1202 consuli
1089 1168 1227 1219 nupta
1249 1159 1356 1204 Bru-

64 1239 115 1274 to
149 1241 277 1274 erat:
310 1228 490 1289 jamque
535 1246 591 1274 ex
628 1246 687 1275 eo
725 1228 1019 1275 matrimonio
1053 1227 1359 1277 adolescentes

65 1314 191 1348 erant
220 1302 377 1359 liberi,
399 1304 532 1350 Titus
551 1303 864 1367 Tiberiusque.
904 1319 985 1350 eos
1008 1319 1194 1366 quoque
1219 1304 1266 1350 in
1287 1303 1359 1350 so-

68 1373 276 1420 cietatem
312 1375 489 1422 consilii
527 1376 747 1422 avunculi
784 1375 1018 1422 assumunt.
1054 1389 1271 1437 praeterea
1307 1377 1359 1423 &

66 1446 244 1493 nobiles
277 1447 451 1510 aliquot
479 1448 785 1496 adolescentes
811 1448 982 1495 conscii
1003 1448 1207 1507 assumti,
1233 1465 1358 1511 quo-

65 1536 169 1566 rum
197 1520 418 1567 vetustate
454 1522 675 1568 memoria
711 1521 834 1569 abiit.
870 1521 1054 1568 Interim
1087 1539 1188 1568 cum
1218 1522 1266 1567 in
1289 1521 1359 1568 se-

66 1604 176 1638 natu
200 1591 375 1639 viciffet
397 1592 615 1640 sententia
629 1630 642 1652 ‚
674 1611 777 1656 quae
801 1592 1007 1640 censebat
1029 1593 1254 1640 reddenda
1274 1593 1357 1639 bo-

65 1681 153 1720 na;
184 1681 371 1728 eamque
398 1664 535 1728 ipsam
564 1665 740 1712 causam
768 1682 911 1712 morae
937 1666 984 1712 in
1003 1666 1114 1713 urbe
1140 1666 1359 1716 haberent

64 1736 230 1800 legati,
267 1739 395 1801 quod
431 1738 621 1801 spatium
661 1738 717 1785 ad
752 1737 964 1785 vehicula
999 1739 1302 1801 comparanda
1332 1757 1360 1786 a

67 1811 326 1859 consulibus
363 1813 642 1870 sumfiffent,
680 1813 842 1877 quibus
877 1830 1036 1877 regum
1076 1813 1359 1876 asportarent

66 1900 165 1940 res3
199 1901 336 1931 omne
363 1885 405 1931 id
434 1898 611 1949 tempus
643 1903 747 1933 cum
776 1885 1022 1946 conjuratis
1049 1886 1354 1935 consultando

66 1955 304 2003 absumunt
319 1993 333 2015 ‚
359 1958 669 2022 evincuntque
690 1957 901 2006 instando
920 1995 934 2018 ,
960 1972 1009 2006 ut
1035 1959 1176 2006 literae
1197 1960 1277 2007 fibi
1301 1962 1358 2008 ad

66 2030 346 2095 Tarquinios
363 2032 598 2079 darentur:
622 2050 725 2078 nam
744 2032 873 2080 aliter
891 2034 969 2097 qui
989 2034 1241 2082 credituros
1257 2052 1358 2094 eos,

70 2120 167 2150 non
191 2121 306 2150 vana
325 2105 380 2150 ab
412 2104 567 2169 legatis
597 2105 726 2168 super
754 2107 888 2152 rebus
906 2106 1041 2153 tantis
1062 2106 1243 2154 afferri?
1262 2109 1357 2155 Da-

67 2188 125 2223 tae
146 2177 314 2235 literae,
344 2191 393 2225 ut
421 2180 581 2242 pignus
607 2178 710 2226 fidei
738 2179 906 2235 effent,
936 2179 1218 2228 manifestum
1240 2180 1356 2228 faci-

70 2268 153 2299 nus
171 2251 386 2301 fecerunt.
416 2254 678 2313 nam'cum,
708 2255 852 2317 pridie
866 2271 999 2317 quam
1017 2255 1150 2319 legati
1168 2256 1224 2302 ad
1238 2256 1357 2302 Tar-

68 2325 252 2388 quinios
287 2326 710 2389 proficiscerentur,
743 2331 794 2377 &
823 2342 1056 2376 coenatum
1090 2328 1209 2375 forte
1237 2329 1356 2391 apud

72 2397 283 2445 Vitellios
318 2399 421 2446 effet
439 2435 453 2457 ,
482 2399 798 2464 coniuratique
823 2399 913 2460 ibi,
940 2400 1126 2447 remotis
1150 2399 1356 2456 arbitris,

71 2472 214 2520 multa
242 2472 358 2521 inter
377 2472 420 2521 se
447 2473 502 2522 de
528 2490 661 2525 novo
679 2509 695 2535 ‚
732 2486 783 2522 ut
811 2472 894 2535 fit,
922 2473 1114 2523 consilio
1143 2473 1325 2538 egissent
1340 2491 1358 2531 ;

1305 2638 1320 2657 Ι
