1582 2793
300 144 1089 196 H1sToR1ARUML1B.
1130 149 1161 196 1.
1334 149 1396 212 67

85 270 159 301 ma
191 253 376 302 ferebat.
404 256 524 302 Cum
554 252 825 301 consensum
845 255 1067 319 Deosque
1097 256 1394 306 consociatos

83 328 283 376 laudaret
314 328 427 375 mire
465 327 653 374 Servius
687 327 806 374 inter
839 345 1057 391 proceres
1092 334 1395 395 Latinorum,

83 418 191 449 cum
209 401 374 466 quibus
395 401 579 464 publice
600 401 910 466 privatimque
930 403 1128 467 hospitia
1149 409 1396 456 amicitias-

83 494 174 541 que
201 478 256 524 de
290 476 507 523 industria
537 474 780 538 junxerat;
817 477 932 541 saepe
966 478 1173 525 iterando
1209 483 1396 542 eadem,

81 553 282 616 perpulit
317 553 529 610 tandem,
560 564 610 598 ut
643 553 807 599 Romae
842 551 997 598 fanum
1028 553 1198 600 Dianae
1232 558 1394 618 populi

84 627 237 673 Latini
254 643 356 674 cum
380 626 558 690 populo
578 626 794 672 Romano
823 624 1039 673 facerent.
1074 630 1138 675 Ea
1164 641 1258 675 erat
1278 647 1394 676 con-

81 697 241 760 feffio,
271 713 406 764 caput
426 717 577 747 rerum
592 700 790 746 Romam
814 700 926 758 effe,
957 701 1012 747 de
1038 718 1133 765 quo
1153 704 1290 751 toties
1317 723 1391 751 ar-

80 772 168 820 mis
207 786 428 821 certatum
467 772 626 819 fuerat.
665 772 713 817 ld
748 789 1011 836 quanquam
1050 774 1260 822 omiffum
1291 775 1386 839 jam

79 862 136 892 ex
164 843 372 893 omnium
403 861 507 893 cura
537 843 834 902 Latinorum,
866 844 930 890 ob
964 861 1059 891 rem
1092 847 1231 893 toties
1262 848 1387 895 infe-

75 917 228 966 liciter
262 929 481 966 tentatam
513 915 648 964 armis
665 953 681 974 ,
705 917 976 973 videbatur3
1008 920 1087 966 uni
1110 920 1152 966 se
1183 938 1240 968 ex
1259 910 1391 969 Sabi-

79 996 150 1044 nis
180 995 276 1044 fors
306 995 410 1041 dare
437 992 532 1043 visa
559 991 622 1039 est
652 991 839 1055 privato
876 992 1073 1040 confilio
1099 994 1280 1057 imperii
1312 1014 1388 1043 re·-

75 1069 338 1134 cuperandi.
372 1070 462 1116 Bos
491 1068 538 1114 in
567 1066 743 1112 Sabinis
775 1077 879 1114 nata
911 1068 1092 1115 cuidam
1126 1070 1387 1132 patrifami-

76 1143 149 1191 liae
183 1144 383 1200 dicitur,
412 1138 617 1188 miranda
649 1138 961 1202 magnitudine
991 1159 1044 1188 ac
1075 1141 1238 1204 specie.
1275 1146 1385 1193 Fixa

75 1232 158 1280 per
180 1215 344 1264 multas
371 1226 521 1261 aetates
550 1229 724 1261 cornua
753 1214 800 1258 in
829 1213 1056 1260 vestibulo
1087 1217 1246 1280 templi
1266 1218 1386 1266 Dia-

73 1306 147 1335 nae
163 1300 513 1336 monumentum
532 1287 572 1333 ei
590 1285 715 1333 fuere
732 1286 972 1334 miraculo.
997 1288 1184 1348 Habita,
1202 1302 1251 1336 ut
1270 1305 1383 1353 erat,

75 1379 147 1409 res
174 1361 373 1425 prodigii
403 1361 513 1409 loco
534 1359 622 1407 est:
650 1361 701 1408 &
727 1359 934 1407 cecinere
957 1373 1084 1408 vates
1102 1397 1116 1420 ‚
1151 1363 1283 1425 cujus
1311 1366 1380 1412 ci-

73 1435 234 1485 vitatis
266 1450 366 1481 eam
398 1432 518 1479 civis
546 1431 713 1478 Dianae
737 1428 1036 1490 immolasset,
1071 1432 1136 1479 ibi
1169 1432 1269 1480 fore
1295 1435 1379 1482 im-

72 1508 250 1571 perium
269 1523 280 1552 ε
312 1505 448 1568 idque
477 1520 657 1551 carmen
675 1515 949 1566 pervenerat
968 1504 1024 1550 ad
1042 1504 1285 1554 antistitem
1307 1508 1378 1556 fa-

71 1581 121 1628 ni
140 1581 321 1629 Dianae.
354 1579 570 1637 Sabinus,
590 1590 642 1626 ut
660 1577 805 1642 prima
828 1589 931 1640 apta
949 1578 1040 1625 dies
1062 1576 1282 1628 sacrificio
1303 1582 1377 1629 vi-

69 1654 116 1703 sa
130 1654 217 1712 est,
237 1654 410 1700 bovem
430 1653 626 1700 Romam
645 1652 785 1699 actam
808 1650 990 1698 deducit
1010 1652 1065 1699 ad
1089 1652 1245 1701 fanum
1258 1656 1374 1702 Dia-

69 1745 141 1775 nae
155 1764 169 1786 ‚
186 1729 238 1775 δε
259 1739 361 1774 ante
377 1744 500 1774 aram
521 1725 685 1774 statuit.
703 1725 770 1773 Ibi
791 1724 971 1774 antistes
988 1727 1250 1787 Romanus,
1268 1746 1374 1776 cum

67 1818 174 1849 eum
202 1800 467 1865 magnitudo
495 1799 692 1848 viEtimae
716 1797 939 1847 celebrata
965 1798 1083 1846 fama
1121 1802 1338 1849 movifl‘et
1354 1839 1370 1861 ,

66 1891 246 1922 memor
271 1873 472 1938 responfi
494 1873 709 1921 Sabinum
735 1873 797 1919 ita
825 1871 1104 1936 alloquitur:
1141 1880 1363 1939 Quidnam

61 1967 137 2008 ιιι,
167 1951 339 2012 hospes,
369 1967 533 2011 paras,
578 1947 757 2012 inquit,
795 1947 934 2012 inceste
954 1948 1217 2009 fizcrificium
1241 1953 1368 1997 Dia—

62 2044 126 2071 nae
145 2025 325 2085 facere?
363 2026 485 2087 Quin
519 2040 564 2071 tu
595 2043 691 2069 ame
725 2024 824 2070 νὶνο
848 2021 1121 2082 perfunderis
1139 2026 1369 2091 flumine?

61 2101 221 2159 Infima
237 2103 346 2146 valle
355 2100 544 2165 praefluit
559 2100 734 2144 Tiberis.
752 2094 996 2158 Religione
1013 2088 1156 2145 tafiius
1176 2097 1367 2161 hospes,

60 2172 142 2237 qui
161 2174 345 2231 omnia,
373 2185 423 2220 ut
450 2173 668 2237 prodigio
701 2170 995 2234 responderet
1024 2184 1247 2231 eventus,
1282 2191 1372 2221 cu·-

59 2256 189 2308 peret
218 2244 303 2290 rite
326 2242 470 2303 facta,
498 2261 556 2291 ex
587 2243 763 2306 templo
797 2240 1027 2290 descendit
1060 2245 1117 2290 ad
1139 2245 1364 2293 Tiberim.

60 2320 237 2364 Interea
261 2317 498 2364 Romanus
522 2317 730 2364 immolat
751 2316 914 2363 Dianae
938 2315 1127 2365 bovem.
1173 2318 1221 2364 id
1250 2318 1367 2365 mire

60 2403 238 2456 gratum
261 2391 354 2455 regi
374 2404 507 2455 atque
536 2391 716 2440 civitati
737 2390 836 2437 fuit.

123 2466 290 2515 XLVI.
307 2465 519 2527 Servius,
536 2482 798 2534 quanquam
814 2464 908 2530 jam
928 2464 1008 2513 usu
1027 2465 1148 2512 haud
1169 2465 1361 2515 dubium

999 2541 1036 2585 E
1074 2556 1100 2587 2
