1582 2793
235 212 1158 260 HISTORIARUML113.111.
1266 214 1350 272 187

75 318 348 384 AEquisque‚
377 320 639 383 proedonum
669 319 818 381 potius
850 334 1070 378 mentem,
1105 338 1237 385 quam
1264 322 1352 368 ho-

73 393 202 443 ssium
222 429 235 451 ‚
267 393 400 439 dedit.
447 392 559 438 adeo
590 392 706 437 enim
737 390 857 436 nulla
889 390 980 452 spes
1013 410 1105 437 non
1142 392 1353 455 potiundi

73 466 248 523 modo,
281 464 351 511 sed
383 481 438 510 ne
467 464 658 511 adeundi
696 465 874 527 quidem
912 465 1114 511 Romana
1150 466 1316 512 moenia
1337 501 1353 523 ,

74 536 252 583 animos
285 553 440 583 eorum
479 537 628 598 cepit,
670 536 868 598 mihique
899 536 1056 597 procul
1096 535 1184 581 visa
1220 551 1353 598 atque

76 607 360 656 imminentes
399 608 561 655 tumuli
602 621 803 654 avertere
836 622 1005 654 mentes
1047 625 1236 664 eorum3
1272 622 1354 665 ut,

75 681 186 728 totis
223 682 375 743 paffim
409 681 557 727 castris
590 681 768 727 fremitu
798 694 930 739 orto,
965 684 1068 743 quid
1097 684 1141 726 in
1167 684 1279 748 vasto
1305 700 1354 725 ac

72 755 221 814 deserto
253 773 352 816 agro
377 758 483 801 inter
507 757 637 800 tabem
652 773 843 814 pecorum
876 757 1165 815 hominumque
1199 753 1353 817 desides

58 829 155 893 fine
176 832 318 889 praedcz
344 845 500 888 tempus
522 844 711 884 tererent,
744 847 833 872 cum
863 831 1019 889 integra
1043 832 1160 882 loca,
1187 827 1350 886 Tusca-

75 907 221 947 lanum
251 919 393 963 agrum
412 937 426 957 ‚
459 905 640 962 opimum
667 904 821 961 copiis,
849 918 977 961 petere
998 899 1201 962 poffizfzc?
1232 899 1353 963 figna

71 987 258 1037 repente
278 974 618 1030 convellerent,
652 972 997 1036 transversisque
1018 973 1252 1020 itineribus
1273 989 1353 1035 per

73 1047 329 1094 Lavicanos
369 1062 499 1109 agros
532 1047 579 1092 in
613 1045 896 1092 Tusculanos
929 1045 1069 1092 colles
1097 1046 1350 1092 transirent.

75 1133 133 1164 eo
162 1118 232 1165 vis
261 1118 408 1165 omnis
442 1117 759 1182 tempestasque
794 1118 899 1163 belli
931 1118 1150 1164 conversa
1179 1117 1253 1164 est.
1284 1120 1354 1163 In-

73 1192 206 1246 terim
225 1192 410 1239 Hernici
432 1192 665 1256 Latinique
682 1228 695 1249 ‚
726 1192 897 1254 pudore
921 1191 1051 1237 etiam
1067 1228 1081 1249 ,
1111 1208 1205 1237 non
1227 1188 1354 1236 mise·

75 1265 271 1313 ricordia
305 1265 445 1313 solum
466 1302 480 1325 ‚
516 1267 660 1325 moti,
689 1265 721 1311 si
753 1283 832 1312 nec
854 1265 1119 1312 obstitissent
1141 1281 1354 1311 commu-

75 1339 208 1387 nibus
228 1338 446 1398 hostibus,
463 1339 622 1386 infesto
638 1339 812 1404 agmine
832 1340 1081 1385 Romanam
1103 1338 1256 1384 urbem
1277 1355 1354 1401 pe-

77 1412 304 1470 tentibus,
334 1429 416 1459 nec
445 1429 578 1475 opem
614 1413 748 1459 ullam
783 1411 962 1459 obseffis
992 1412 1124 1459 sociis
1155 1411 1355 1471 ferrent,

78 1484 326 1546 conjunElO
346 1485 548 1532 exercitu
570 1485 762 1531 Romam
790 1496 992 1548 pergunt,
1025 1483 1116 1531 Ubi
1146 1501 1248 1531 cum
1268 1484 1357 1530 ho-

78 1558 160 1606 stes
178 1575 270 1605 non
292 1559 582 1618 invenissent,
602 1559 737 1606 secuti
756 1558 913 1605 famam
934 1576 984 1605 ac
998 1557 1206 1621 vestigia,
1222 1558 1356 1605 obvii

79 1630 192 1681 fiunt
213 1632 577 1679 descendentibus
599 1633 654 1679 ab
665 1631 926 1685 Tusculano
955 1632 1001 1677 in
1022 1631 1239 1677 Albanam
1258 1631 1357 1678 val·-

79 1705 180 1752 lem.
210 1705 271 1752 ibi
292 1705 630 1769 haudquaquam
658 1721 790 1769 aequo
811 1704 979 1767 proelio
1001 1716 1249 1767 pugnatum
1269 1702 1357 1759 est,

79 1776 272 1841 fidesque
302 1777 378 1824 sua
411 1777 541 1825 sociis
577 1795 732 1841 parum
768 1776 875 1823 felix
906 1777 953 1822 in
988 1776 1215 1840 praesentia
1253 1774 1356 1822 fuit.

80 1849 211 1896 Haud
235 1850 385 1897 minor
403 1850 561 1897 Romae
587 1849 636 1895 fit
663 1850 826 1896 morbo
848 1849 1033 1912 strages,
1053 1865 1187 1912 quam
1215 1863 1357 1911 quan-

81 1934 123 1969 ta
151 1921 270 1969 ferro
297 1921 523 1969 sociorum
557 1921 666 1968 facia
692 1936 798 1970 erat.
837 1922 1022 1980 consul,
1041 1922 1119 1986 qui
1147 1937 1259 1968 unus
1284 1919 1357 1966 su-

80 2008 282 2058 pererat,
308 1996 515 2042 moritur.
555 1996 722 2041 mortui
744 1998 792 2044 &
814 1996 887 2042 alii
910 1995 1018 2043 clari
1043 1995 1158 2052 viri,
1182 1995 1244 2040 M.
1267 1995 1357 2039 Va-

80 2068 246 2127 lerius,
278 2070 334 2115 T.
358 2068 590 2131 Virginius
620 2068 823 2125 Rutilus,
855 2084 1071 2133 augures;
1103 2070 1194 2114 Ser.
1209 2065 1357 2128 Sulpi-

80 2140 200 2197 cius,
219 2140 346 2187 curio
367 2140 603 2188 maximus.
638 2142 686 2188 &
709 2157 787 2203 per
806 2141 957 2205 ignota
978 2140 1122 2204 capita
1143 2140 1228 2186 late
1249 2155 1358 2185 eva-

80 2225 178 2276 gata
212 2212 273 2258 est
308 2213 378 2260 vis
409 2213 588 2260 morbi:
624 2213 841 2277 inopsque
881 2214 1052 2261 senatus
1088 2212 1243 2260 auxilii
1272 2213 1357 2258 hu-

81 2285 232 2343 mani,
250 2286 304 2332 ad
331 2288 460 2334 Deos
482 2287 700 2350 populum
734 2304 786 2335 ac
809 2300 918 2334 vota
943 2287 1090 2335 vertit.
1125 2285 1222 2348 juffi
1253 2301 1356 2331 cum

81 2357 352 2421 conjugibus
386 2377 436 2406 ac
470 2360 619 2407 liberis
656 2360 954 2424 supplicatum
985 2360 1078 2418 ire,
1114 2373 1356 2422 pacemque

82 2432 323 2493 exposcere
345 2433 512 2480 Deum.
550 2434 617 2480 Ad
636 2434 705 2491 id,
733 2434 858 2497 quod
883 2433 958 2481 sua
988 2448 1210 2496 quemque
1242 2429 1356 2475 mala

83 2505 336 2569 cogebant,
370 2507 629 2556 aukloritate
658 2509 837 2572 publica
862 2507 1074 2565 evocati,
1102 2504 1257 2551 omnia
1277 2503 1354 2549 dc-
