1582 2793
281 210 878 260 HISTORIARUM
929 215 1060 262 LlB.
1109 217 1137 261 l.
1305 216 1360 278 83

83 323 269 387 'regione
291 334 425 384 atque
443 319 491 365 in
517 336 567 365 ea
590 330 717 364 aetate
733 355 745 370 ,
777 318 947 366 divitiis
970 323 1251 383 praepollens.
1298 341 1366 371 ea-

84 412 171 458 que
201 395 289 456 ipsa
323 392 449 438 causa
482 390 587 437 belli
620 389 733 448 fuit,
765 391 890 452 quod
914 408 990 436 rex
1014 394 1245 441 Romanus
1273 408 1369 442 tum

83 468 174 530 ipse
191 467 349 524 ditari,
367 465 602 512 exhaustus
616 462 944 528 magnificentia
960 467 1241 528 publicorum
1262 486 1370 533 ope·

83 559 183 587 rum
202 577 214 597 ‚
239 553 333 586 tum
368 539 517 601 praeda
547 538 732 584 delinire
769 539 1054 601 popularium
1082 542 1254 589 animos
1277 543 1368 588 stu-

84 616 238 671 ‹lebat;
255 625 417 677 praeter
431 612 562 659 aliam
578 612 826 674 superbiam
849 629 988 675 regno
1017 613 1202 660 infestos
1218 617 1367 673 etiam,

84 690 212 752 quod
244 687 284 734 se
306 687 352 732 in
386 686 616 732 fabrorum
644 685 896 732 ministeriis
928 704 979 733 ac
1011 686 1160 733 servili
1198 690 1369 736 tamdiu

86 760 264 806 habitos
296 775 434 822 opere
467 758 523 803 ab
552 774 651 821 rege
686 758 1045 821 indignabantur.
1079 761 1268 807 Tentata
1297 778 1366 808 res

85 832 148 879 est
165 869 178 889 ‚
208 833 239 878 s1
270 832 416 895 primo
443 830 613 893 impetu
638 830 734 892 capi
756 831 901 876 Ardea
921 831 1075 893 posset.
1118 833 1194 879 ubi
1224 834 1267 879 id
1286 851 1367 896 pa-

87 924 188 953 rum
225 905 469 968 proceffit‚
507 903 742 950 obsidione
775 904 1187 970 munitionibusque
1227 901 1369 970 coepti

88 978 229 1042 premi
265 978 427 1023 hostes.
476 979 524 1021 In
556 975 608 1022 iis
640 975 837 1032 stativis,
875 988 925 1022 ut
953 975 1002 1022 fit
1036 979 1176 1042 longo
1203 981 1374 1044 magis,

88 1069 221 1116 quam
249 1051 339 1099 acri
359 1049 507 1107 bello,
535 1048 634 1095 satis
656 1048 784 1094 liberi
803 1061 1077 1098 commeatus
1098 1066 1247 1100 erant:
1279 1054 1371 1117 pri-

90 1125 291 1171 moribus
322 1135 470 1168 tamen
501 1120 667 1185 magis,
693 1137 828 1184 quam
856 1122 1099 1183 militibus.1
1117 1125 1244 1189 Regii
1266 1126 1394 1190 qui-‘

92 1198 192 1243 dem
224 1195 412 1258 juvenes
447 1194 673 1241 interdum
709 1193 854 1239 otium
891 1195 1121 1245 conviviis
1154 1199 1371 1246 comess'a..

90 1269 377 1333 tionibusque
407 1269 522 1315 inter
551 1267 592 1314 se
622 1267 838 1314 terebant.
874 1266 992 1315 forte
1023 1272 1281 1333 potantibus
1303 1273 1371 1320 his

95 1345 212 1408 apud
241 1345 423 1390 Sextum
447 1341 772 1406 Tarquinium,
806 1340 882 1387 ubi
907 1343 956 1389 &
985 1342 1239 1392 Collatinus
1271 1363 1372 1393 coe—

93 1418 228 1464 nabat
245 1412 728 1480 Tarquinius,‘Egerii
763 1411 905 1474 filius,
942 1415 1100 1464 incidit
1134 1420 1187 1465 de
1213 1420 1373 1466 uxori-

94 1491 173 1536 bus
207 1488 408 1535 mentio:
447 1487 569 1534 suam
605 1486 794 1551 quisque
830 1487 1009 1535 laudare
1044 1492 1169 1538 miris
1208 1495 1372 1542 modis.

93 1564 196 1610 inde
232 1563 471 1610 certamine
506 1561 722 1619 accenso,
756 1561 1013 1610 Collatinus
1050 1577 1209 1629 negat,
1238 1570 1371 1615 verbis

94 1654 196 1698 opus
216 1634 286 1699 effe}
302 1655 322 1690 ,·
343 1638 495 1696 paucis
517 1638 566 1681 id
580 1638 740 1696 quidem
761 1635 871 1680 horis
883 1633 992 1700 poffi
1011 1637 1141 1697 fiiri,
1170 1654 1371 1700 quantum

96 1714 231 1756 ceteris
258 1711 414 1772 praestet
446 1711 635 1754 Lucretia
656 1708 756 1768 fita.
797 1708 916 1768 Quin
937 1743 952 1766 ‚
970 1709 1022 1773 fi
1052 1713 1173 1772 vigor
1189 1712 1375 1768 juventae

97 1785 222 1850 inest,
253 1783 562 1843 conscendimus
589 1798 738 1841 equos,
766 1779 1052 1844 invistmusque
1062 1785 1279 1844 praefintes
1294 1801 1374 1833 no-

85 1856 264 1916 stratum
296 1857 499 1916 ingenia?
534 1857 590 1900 Id
624 1856 766 1914 cuique
782 1853 1116 1916 speclaciffi'mum
1132 1858 1229 1922 stt,
1265 1862 1379 1921 quod

96 1948 168 1975 nec
186 1933 356 1990 opinato
372 1932 453 1974 viri
471 1932 651 1974 adventu
678 1930 891 1973 occurrerit
914 1932 1056 1974 oculis.
1094 1932 1374 1982 Incaluerant

98 2003 228 2049 vino.
273 2020 347 2065 age
364 2004 499 2063 fime,
536 2017 708 2048 omnes.
740 2001 884 2048 citatis
913 2003 1041 2066 equis
1069 2005 1257 2054 avolant
1278 2010 1377 2055 Ro-

99 2094 230 2123 mam.
265 2078 378 2136 Quo
398 2093 499 2123 cum
517 2111 530 2134 ‚
555 2076 709 2138 primis
735 2074 776 2121 se
802 2075 1137 2126 intendentibus
1157 2083 1376 2142 tenebris,

101 2149 405 2211 pervenissent
423 2185 435 2206 ‚
465 2160 655 2212 pergunt
681 2141 784 2195 inde
805 2148 1072 2198 Collatiam:
1106 2154 1182 2200 ubi
1208 2158 1378 2204 Lucre-

100 2221 231 2279 tiam,
256 2221 598 2286 haudquaquam
630 2234 680 2269 ut
698 2223 839 2286 regias
864 2240 1031 2283 nurus,
1052 2242 1160 2289 quas
1190 2229 1237 2275 in
1261 2248 1378 2277 con·-

101 2296 234 2344 vivio
267 2297 463 2360 luxuque
492 2314 594 2344 cum
617 2298 860 2362 aequalibus
881 2299 1088 2347 viderant
1114 2314 1287 2366 tempus
1314 2318 1378 2352 te-

102 2381 249 2416 rentes
264 2405 278 2428 ,
299 2369 374 2416 sed
400 2371 530 2417 nocte
550 2370 641 2417 sera
661 2372 851 2418 deditam
879 2371 990 2417 lanae
1009 2374 1123 2420 inter
1143 2375 1380 2425 lucubran-

102 2455 168 2489 tes
194 2442 375 2489 ancillas
402 2443 448 2489 in
487 2444 638 2490 medio
677 2445 838 2491 aedium
866 2444 1091 2492 sedentem
1122 2449 1380 2500 inveniunt.

105 2515 337 2564 Muliebris
356 2516 611 2564 certaminis
629 2516 723 2564 laus
743 2533 878 2580 penes
892 2517 1144 2565 Lucretiam
1167 2519 1263 2568 fuit.
1300 2525 1378 2569 ad-

991 2590 1089 2636 F2
