1680 2803
500 173 544 216 V
590 169 620 213 I
667 168 708 212 T
750 170 809 213 A.
1198 175 1337 211 xxm

50 281 134 341 rit,
157 279 342 328 minime
371 275 713 326 concedendum
739 284 878 337 put0;
910 289 1012 320 cum
1041 271 1095 319 ab
1124 273 1338 321 omnibus

50 363 226 412 habitus
257 363 308 409 s1t
338 373 581 425 perpetuus
610 351 763 418 canai,
784 356 1003 421 nulloque
1031 357 1180 403 livore
1202 356 1342 404 suffu-

51 445 108 491 sae
135 444 239 490 fidei
270 443 436 491 cultor.
484 446 545 487 At
580 440 696 487 nolo
731 453 1002 503 quemquam
1026 435 1109 487 hic
1140 438 1343 486 acerbius

49 527 271 584 inseElari,
303 524 458 572 dixisse
493 535 764 581 contentus,
793 520 974 568 Livium
1008 519 1192 567 illorum
1224 532 1342 568 tem-

49 625 215 674 porum
244 605 390 670 gesta,
413 604 706 669 gentiumque
736 602 981 661 mores,&
1013 601 1059 646 id
1086 617 1225 665 genus
1257 602 1343 649 alia

50 688 241 736 candide
261 687 402 742 adeo,
425 688 473 733 &
499 701 555 731 ex
581 683 784 731 veritatis
806 682 1068 746 praescripto
1092 682 1231 729 literis
1252 694 1342 730 tra·

51 769 228 828 didisse,
245 782 294 815 ut
311 767 507 831 elogium
528 766 638 812 illud
653 765 749 828 jure
766 764 845 811 fibi
861 762 1184 828 promeruerit:
1214 767 1341 812 Unus

55 850 205 896 Livius
237 851 390 911 dignus
416 849 469 915 est
495 849 690 904 habitus,
710 846 830 904 cujus
856 849 1004 893 divino
1027 849 1189 891 calamo
1215 861 1342 892 tantae

57 935 196 991 urhis,
213 951 261 979 ac
280 934 432 994 populi
456 933 645 977 Romani
661 964 676 989 ,
696 932 825 976 totius
859 931 969 975 orbis
998 929 1165 978 vifforis
1190 945 1251 975 res
1276 946 1345 991 ga-

44 1015 120 1082 stae
151 1012 500 1074 confiriberentur.

342 1166 788 1227 CAPUT
872 1166 1056 1222 VII.

414 1308 578 1351 SENE
594 1314 665 1350 ετ
681 1315 755 1348 vs
783 1300 825 1349 ἂν
858 1302 1007 1348 obitus.

57 1401 394 1482 FLORUERAT
430 1431 545 1479 inter
577 1443 751 1479 ceteros
781 1432 838 1478 T.
873 1426 1029 1476 Livius
1060 1425 1221 1472 Romae
1249 1422 1346 1469 Au-

57 1508 174 1574 gusti
201 1507 362 1572 gratia,
387 1508 437 1555 &
462 1522 511 1552 ea
535 1505 791 1553 celebritate
822 1499 1048 1560 nominis,
1072 1516 1158 1564 qua
1179 1497 1347 1543 nullam

0 1648 1 1665 χ
59 1588 280 1651 majorem
307 1587 432 1634 fuiffe
465 1586 725 1633 tradidimus
754 1585 836 1631 suo
865 1582 974 1629 loco
994 1617 1007 1640 ‚
1032 1597 1134 1628 cum
1167 1579 1348 1625 demum

0 1667 1 1672 ¹
61 1671 292 1719 honorum
329 1670 472 1730 satur,
504 1669 631 1716 annis
669 1670 719 1716 &
756 1665 909 1714 studiis
948 1663 1077 1711 feffus
1095 1700 1108 1722 ,
1138 1661 1350 1710 accensus

63 1772 217 1804 amore
240 1754 424 1817 patriae,
451 1751 689 1799 Patavium
725 1749 925 1813 cogitare
960 1746 1117 1810 coepit.
1156 1746 1351 1792 Romam

65 1828 217 1901 itaque
234 1872 247 1894 ‚
269 1835 369 1899 post
397 1834 583 1898 Augusti
613 1833 840 1881 disceffum
862 1849 886 1879 e
910 1829 1008 1879 vita
1029 1829 1351 1876 moestiffimam

65 1917 244 1979 reliquit
272 1916 428 1962 Livius
443 1951 456 1973 ‚
476 1915 698 1978 plausibus
717 1916 765 1961 &
784 1909 1184 1960 acclamationibus
1205 1906 1351 1970 publi-

65 2000 130 2046 cis
150 2010 350 2061 receptus
375 1999 422 2043 in
445 1996 600 2059 patriae
619 1997 778 2052 finum,
799 2011 903 2040 cum
924 1992 989 2038 illi
1014 1989 1221 2037 Patavini
1245 2006 1351 2036 om—

67 2095 144 2126 nes
161 2115 176 2142 ,
194 2077 279 2124 suis
307 2076 429 2123 effusi
456 2075 627 2123 sedibus
644 2111 657 2134 ,
686 2075 874 2122 obviam
906 2073 1088 2137 prodire
1114 2071 1352 2135 gestirent,

67 2159 308 2208 clamantes
322 2197 337 2218 ,
358 2162 510 2224 ‚Ingens
529 2161 648 2204 illum
666 2154 736 2222 effi:
744 2160 892 2218 patriae
901 2157 992 2217 ficae
1009 2159 1130 2202 decus
1142 2191 1159 2212 ,
1172 2152 1215 2201 G·
1228 2174 1352 2202 oma-

68 2258 270 2299 memum,
290 2243 530 2304 mansurum
552 2246 597 2288 in
616 2241 875 2288 mes-nitatem
896 2255 1073 2283 omnem.
1106 2235 1196 2281 Hic
1213 2234 1287 2280 ille
1305 2236 1352 2281 in

68 2319 216 2367 oculis
251 2320 421 2367 civium
437 2357 451 2380 ‚
475 2321 607 2385 patrii
640 2319 747 2368 coeli
767 2334 872 2366 aura
901 2328 1149 2375 recreatus,
1172 2312 1351 2377 placido

70 2398 117 2445 in
148 2398 247 2445 otio
264 2435 279 2458 ‚
304 2404 634 2463 praeteritorum
660 2402 869 2450 laborum
891 2397 1034 2448 frufilu
1060 2398 1209 2446 fruens
1225 2433 1238 2456 ‚
1259 2393 1352 2444 cul·

69 2491 141 2526 tus
171 2478 225 2526 ab
255 2480 467 2530 omnibus
496 2483 547 2535 &
576 2481 791 2541 dileffits,
815 2478 1090 2545 aliquamdiu
1122 2475 1252 2526 vixit.
1294 2475 1354 2519 At
