1582 2793
328 150 931 200 HISTORIARUM
969 152 1111 196 ΗΒ.
1154 151 1183 196 1.
1353 160 1409 207 73

113 259 321 325 pitalium
351 277 503 307 rerum
538 258 628 305 sine
661 256 860 304 consiliis
892 274 970 319 per
1000 256 1039 302 se
1076 257 1195 305 solus
1228 272 1418 304 exerce-

114 334 216 381 bat:
246 350 414 398 perque
441 349 538 379 carn
562 331 735 379 causam
756 329 992 389 occidere,
1013 331 1058 376 in
1088 334 1295 379 exsilium
1317 348 1418 395 age-

113 423 160 453 re
179 443 191 463 ,
226 407 359 454 bonis
387 405 576 452 multare
600 416 779 468 poterat
809 421 907 452 non
928 403 1155 468 suspectos
1176 407 1319 452 modo
1342 416 1418 452 aut

113 479 289 528 invisos
305 517 319 538 ‚
352 478 426 526 sed
460 478 576 525 unde
600 478 713 525 nibil
740 478 861 525 aliurl
879 515 892 535 ‚
914 496 1050 543 quam
1079 480 1273 542 praedam
1290 517 1302 537 ‚
1326 479 1421 543 spe-

114 571 213 602 rare
240 553 400 616 posset.
433 555 496 599 lta
524 553 704 599 Pan-um
733 552 962 616 praecipue
985 570 1177 600 numero
1203 554 1422 600 imminu·-

113 639 165 675 το
183 665 195 687 ,
219 627 369 676 statuit
399 626 553 674 nullos
573 627 618 674 in
643 628 793 675 Patres
818 627 992 691 legere;
1025 643 1120 691 quo
1142 628 1423 674 contemtior

114 701 342 766 paucitate
376 700 466 765 ipsa
493 702 610 748 ordo
632 700 762 760 effer,
794 699 1030 764 minusque
1051 716 1130 762 per
1154 698 1196 745 se
1219 699 1331 745 nihil
1351 699 1423 763 agi

117 776 474 840 indignarentur.
511 775 598 822 Hic
631 775 751 821 enim
782 791 936 838 regum
970 773 1138 837 primus
1166 772 1377 819 traditum
1401 789 1426 818 a

118 851 353 915 prioribus
382 867 560 897 morem
585 850 638 895 de
671 849 887 896 omnibus
921 848 1122 896 senatum
1156 846 1426 896 consulendi

118 924 291 972 solvit:
328 923 588 971 domesticis
626 922 826 970 confiliis
863 922 1189 985 rempublicam
1225 920 1424 968 admini-

119 997 305 1046 stravit:
340 997 510 1045 bellum
530 1032 544 1056 ‚
575 1012 729 1060 pacem
747 1032 760 1053 ‚
783 994 958 1042 foedera
975 1032 987 1053 ,
1011 995 1246 1043 societates
1272 1011 1352 1058 per
1383 992 1427 1041 se

119 1071 238 1133 ipse,
258 1090 361 1119 cum
383 1071 548 1136 quibus
571 1068 749 1126 voluit,
770 1068 933 1131 injussu
953 1069 1115 1133 populi
1140 1087 1191 1117 ac
1222 1067 1398 1116 senatus
1413 1104 1430 1127 ,

119 1144 255 1203 fecit,
287 1144 573 1208 diremitque.
609 1143 877 1191 Latinorum
911 1143 991 1190 sibi
1021 1144 1218 1191 maxime
1247 1155 1430 1207 gentem

121 1219 428 1277 conciliabat,
450 1230 500 1267 ut
522 1220 774 1284 peregrinis
794 1236 981 1283 quoque
1003 1218 1169 1282 opibus
1190 1219 1336 1266 tutior
1357 1217 1432 1264 in-

121 1307 191 1343 ter
209 1294 335 1342 cives
358 1294 477 1342 effet.
519 1311 668 1358 neque
693 1293 892 1358 hospitia
920 1294 1063 1341 modo
1087 1311 1190 1341 cum
1220 1293 1433 1356 primori-

122 1371 205 1417 bus
225 1386 383 1415 eorum
398 1405 411 1426 ,
437 1368 512 1415 sed
530 1370 768 1417 affinitates
789 1386 977 1433 quoque
995 1406 1008 1427 ‚
1029 1369 1257 1433 jungebat.
1289 1369 1432 1415 Octa-

121 1444 208 1491 vio
232 1443 440 1489 Mamilio
462 1441 726 1490 Tusculano
742 1479 755 1501 ‚
771 1442 852 1507 =(is
876 1443 1013 1507 longe
1046 1443 1258 1506 princeps
1282 1441 1432 1489 Latini

122 1515 328 1563 nominis
358 1528 453 1561 erat
469 1551 482 1574 ,
509 1515 541 1561 fi
572 1514 702 1563 famae
726 1516 975 1573 credimus,
1004 1515 1061 1562 ab
1078 1516 1216 1564 Ulixe
1238 1516 1432 1578 Deaque

125 1588 262 1636 Circe
279 1587 526 1651 oriundus)
548 1588 589 1634 ei
605 1588 815 1635 Mamilio
838 1587 977 1647 filiam
1000 1603 1193 1653 nuptum
1214 1589 1310 1645 dat;
1332 1605 1434 1651 per-

124 1677 216 1724 que
251 1677 324 1707 eas
360 1660 544 1723 nuptias
579 1661 752 1708 multos
790 1660 873 1707 fibi
903 1675 1129 1726 cognatos
1170 1660 1434 1725 amicosque

127 1733 224 1796 ejus
244 1731 477 1780 conciliat.

192 1807 242 1854 L.
262 1807 356 1854 Jam
381 1823 544 1870 magna
567 1806 810 1872 Tarquinii
837 1808 1081 1856 ati&oritas
1108 1807 1227 1855 inter
1244 1805 1438 1854 Latino-'

128 1899 233 1930 rum
258 1896 472 1945 proceres
500 1894 619 1938 erat3
652 1899 755 1929 cum
771 1918 786 1941 ,
810 1882 857 1929 in
882 1882 999 1929 diem
1020 1894 1185 1930 certam
1207 1893 1258 1928 ut
1279 1881 1334 1927 ad
1363 1880 1434 1926 lu-

131 1975 236 2004 cum
255 1955 507 2004 Ferentinae
527 1956 836 2016 conveniant,
859 1956 1046 2005 indicit:
1072 1957 1183 2014 effe,
1212 1973 1314 2020 quae
1333 1971 1438 2019 age-

128 2050 179 2081 re
214 2031 268 2078 de
301 2031 435 2079 rebus
473 2032 794 2079 communibus
830 2033 958 2081 velit.
997 2033 1305 2081 Conveniunt
1338 2030 1435 2078 fre-

130 2119 324 2171 quentes
355 2107 502 2172 prima
532 2108 648 2156 luce.
680 2108 771 2172 ipse
788 2109 1065 2173 Tarquinius
1095 2109 1214 2156 diem
1246 2107 1434 2172 quidem

129 2180 358 2238 servavit3
396 2181 470 2228 sed
488 2181 629 2245 paulo
649 2195 750 2230 ante
770 2219 785 2241 ‚
817 2200 952 2248 quam
976 2182 1042 2229 sol
1060 2182 1320 2240 occideret,
1346 2197 1434 2226 ve-

133 2252 216 2301 nit.
262 2254 408 2301 Multa
446 2254 510 2302 ibi
544 2266 640 2302 tota
670 2256 741 2303 die
778 2257 825 2303 in
867 2256 1071 2304 concilio
1114 2255 1254 2304 variis
1299 2253 1436 2315 jacta-

132 2342 177 2376 ta
203 2327 485 2376 sermonibus
515 2342 658 2378 erant.
695 2331 878 2378 Turnus
909 2329 1172 2378 Herdonius
1203 2330 1258 2377 ab
1281 2327 1434 2375 Aricia

134 2401 434 2450 ferociterin
471 2403 698 2452 absentem
730 2404 1032 2469 Tarquinium
1067 2416 1160 2450 erat
1197 2401 1433 2452 inveffiis:

134 2480 278 2527 Haud
309 2483 461 2529 mirum
488 2478 565 2545 eff'e
592 2484 778 2545 Superbo
806 2485 991 2529 inditum
1014 2482 1160 2527 Roma:
1193 2497 1436 2543 cognomen.
