1582 2793
254 157 857 205 HISTORIARUM
908 161 1040 207 ΜΒ.
1087 162 1147 208 11.
1289 176 1374 226 135

75 264 255 330 plebem
273 302 287 327 ,
307 265 532 313 reduc‘tori
559 264 704 328 plebis
733 266 954 313 Romanae
984 268 1029 313 in
1054 269 1210 316 urbem
1226 305 1239 327 ,
1259 269 1381 317 sum-

74 353 146 388 tus
183 341 331 388 funeri
365 340 524 388 defuit.
581 340 749 386 extulit
783 356 886 387 eum
932 341 1060 404 plebs
1101 343 1382 391 sextantibus

75 415 255 464 collatis
279 415 325 461 in
348 414 510 478 capita.

141 489 365 536 XXXIV.
399 486 624 534 Consules
654 486 818 534 deinde
843 486 901 533 T.
932 486 1166 551 Geganius
1185 523 1198 546 ‚
1218 490 1264 536 P.
1287 489 1378 537 Mi-

74 561 238 610 nucius
256 561 373 609 fadi.
405 565 475 609 Eo
502 578 626 609 anno
643 598 658 620 ,
679 577 782 609 cum
800 561 850 608 ὅ(
869 560 982 608 foris
1002 560 1152 625 quieta
1179 563 1332 608 omnia
1354 580 1380 609 a

73 637 199 685 bello
231 639 370 686 essent
388 674 402 697 ,
425 640 475 686 &
502 638 629 686 domi
651 637 795 684 sanata
816 635 1038 684 discordia
1052 673 1064 692 ‚
1086 636 1208 682 aliud
1229 639 1379 684 multo

71 709 254 772 gravius
283 709 456 756 malum
483 709 717 756 civitatem
750 707 946 756 invasit:
985 707 1141 756 cari-tas
1177 707 1379 770 primum

73 797 302 840 annonae,
323 799 380 828 ex
401 781 586 830 incultis
614 798 696 845 per
726 780 1019 830 secessionem
1050 781 1195 845 plebis
1226 783 1343 846 agris
1361 801 1380 840 ;

73 854 214 902 fames
255 856 448 916 deinde,
482 855 626 921 qualis
657 855 815 903 clausis
844 855 972 904 solet.
1009 867 1295 920 ventumque
1323 857 1381 904 ad

73 927 307 975 interitum
351 928 643 976 servitiorum
682 929 840 993 utique
882 931 934 978 &
974 930 1117 993 plebis
1148 930 1290 989 esset,
1328 929 1379 977 ni

75 1001 287 1048 consules
318 1001 646 1065 providissent,
676 1002 860 1050 dimiffis
888 1004 1045 1067 paffim
1080 1005 1134 1051 ad
1171 1003 1380 1051 frumen-

72 1084 171 1120 tum
193 1075 521 1132 coemendum,
536 1092 632 1122 non
651 1073 698 1121 in
717 1075 944 1122 Etruriam
967 1076 1112 1123 modo
1132 1076 1301 1123 dextris
1323 1076 1381 1123 ab

74 1147 203 1193 Ostia
236 1147 446 1194 litoribus
467 1184 481 1206 ‚
507 1148 723 1212 laevoque
753 1165 833 1212 per
862 1148 1062 1197 Volscos
1091 1150 1206 1197 mari
1235 1149 1381 1214 usque

73 1221 131 1266 ad
158 1221 353 1278 Cumas,
375 1220 449 1267 sed
467 1221 705 1284 quaesitum
728 1221 776 1268 in
798 1221 997 1269 Siciliam
1027 1239 1229 1287 quoque.
1265 1223 1383 1270 adeo

72 1294 381 1342 finitimorum
403 1296 510 1343 odia
534 1296 799 1361 longinquis
821 1309 1063 1361 coegerant
1080 1297 1287 1363 indigere
1303 1313 1384 1344 au·

72 1368 210 1416 xiliis.
243 1371 543 1416 Frumentum
569 1370 731 1417 Cumis
757 1387 863 1418 cum
886 1383 1115 1418 coemtum
1142 1371 1275 1429 effet,
1300 1388 1383 1418 na-

71 1459 156 1490 ves
189 1459 277 1507 pro
315 1443 450 1491 bonis
485 1444 847 1508 Tarquiniorum
887 1445 944 1492 ab
977 1444 1268 1492 Aristodemo
1301 1456 1382 1510 ty-

69 1534 224 1564 ranno
244 1553 259 1577 ,
286 1518 367 1582 qui
397 1518 526 1565 heres
560 1529 688 1576 erat,
726 1530 913 1566 retentae
949 1518 1066 1566 sunt.
1115 1519 1163 1566 in
1196 1519 1381 1567 Volscis

72 1591 420 1656 Pomptinoque
457 1609 515 1639 ne
554 1593 643 1639 emi
675 1593 862 1656 quidem
900 1593 1089 1657 potuit:
1125 1593 1381 1656 periculum

70 1682 261 1730 quoque
285 1667 340 1713 ab
369 1667 542 1731 impetu
566 1668 810 1714 hominum
840 1667 943 1730 ipfis
974 1667 1382 1714 frumentatoribus

69 1734 173 1781 suit.
216 1738 286 1782 Ex
318 1736 478 1784 Tuscis
513 1737 792 1785 frumentum
827 1739 986 1787 Tiberi
1014 1739 1141 1787 venit
1162 1756 1178 1784 ,ε
1217 1754 1274 1786 eo
1306 1738 1382 1785 su-

72 1808 264 1856 stentata
295 1809 358 1856 est
386 1810 530 1873 plebs.
567 1811 873 1858 Incommodo
909 1811 1034 1859 bello
1067 1812 1115 1859 in
1146 1823 1238 1858 tam
1271 1811 1382 1858 artis

70 1882 406 1931 commeatibus
435 1884 592 1931 vexati
623 1883 806 1942 forent,
830 1883 878 1930 ni
904 1883 1102 1931 Volscos
1118 1919 1132 1943 ,
1157 1882 1248 1947 jam
1273 1899 1383 1931 mo-

69 1968 234 2002 ventes
264 1973 416 2015 arma,
436 1956 688 2019 pestilentia
713 1957 874 2021 ingens
901 1957 1136 2005 invafiffet.
1175 1973 1227 2003 ea
1252 1956 1381 2004 clade

70 2027 334 2075 conterritis
357 2028 556 2076 hostium
584 2029 774 2089 animis,
794 2042 844 2077 ut
873 2029 1007 2077 etiam
1025 2066 1040 2089 ‚
1059 2029 1138 2076 ubi
1169 2046 1220 2077 ea
1246 2029 1385 2077 remi-

69 2102 211 2161 siffet,
234 2114 412 2150 terrore
437 2103 594 2168 aliquo
622 2116 911 2162 tenerentur,
929 2105 981 2152 &
1005 2103 1192 2150 Velitris
1211 2120 1383 2153 auxere

71 2191 314 2222 numerum
348 2177 630 2225 colonorum
654 2176 881 2236 Romani,
900 2178 951 2225 &
970 2176 1144 2223 Norbae
1173 2177 1221 2223 in
1247 2194 1383 2224 mon-

70 2262 138 2296 tes
162 2266 332 2298 novam
363 2252 628 2312 coloniam,
648 2269 750 2316 quae
779 2269 860 2299 arx
889 2251 938 2298 in
965 2251 1215 2315 Pomptino
1245 2251 1382 2312 esset,

69 2322 300 2373 miserunt.
334 2327 399 2374 M.
421 2326 635 2375 Minucio
652 2326 814 2374 deinde
829 2327 879 2375 &
894 2328 950 2374 A.
968 2326 1246 2389 Sempronio
1266 2342 1381 2374 con·
1429 2354 1439 2369 t
1509 2324 1534 2364 Γ

70 2395 242 2444 sulibus
258 2433 272 2457 ,
291 2415 451 2462 magna
470 2400 545 2448 vis
565 2399 784 2448 frumenti
806 2417 863 2447 ex
884 2399 1036 2447 Sicilia
1054 2399 1268 2448 adveCla:
1291 2399 1383 2463 agi-

71 2479 307 2536 tatumque
327 2471 376 2520 in
392 2471 552 2532 senatu
565 2473 760 2538 „quanti
779 2473 903 2538 plebi
923 2473 1121 2520 daretur.
1146 2471 1283 2519 Multi
1302 2488 1386 2525 ve·-T

1034 2548 1118 2606 14
