1582 2793
254 117 1190 171 HISTORIARIJMLWAH.
1334 140 1422 187 199

120 225 245 280 mere
263 251 274 279 :
295 233 374 289 &‚
400 247 503 278 cum
522 240 696 276 tantum
727 228 773 273 in
793 228 904 274 urbe
930 229 1124 276 hostium
1157 231 1289 291 effer,
1311 250 1422 280 mox

113 305 289 353 Sabinae
330 302 622 366 Etruscaeque
667 300 871 364 legiones
910 318 967 347 ex
1000 304 1258 364 composito
1295 305 1423 353 ades-

115 379 250 437 sent3
283 391 378 426 tum
410 376 568 424 aeterni
606 375 756 424 hostes
783 374 941 423 Volsci
967 377 1018 423 &
1050 378 1214 440 AEqui,
1239 395 1334 426 non
1367 380 1423 427 ad

114 453 430 517 populandos,
456 462 507 498 ut
541 464 672 508 ante,
713 449 848 507 fines,
872 450 946 497 sed
980 450 1036 497 ad
1065 451 1224 498 urbem
1243 489 1256 511 ‚
1285 465 1333 500 ut
1365 471 1422 502 ex

115 541 244 590 parte
274 537 474 589 captam,
494 524 726 572 venirent.
760 523 963 572 Multi&
982 524 1098 571 varii
1118 524 1320 573 timores.
1355 527 1423 574 in·

116 613 186 646 ter
210 611 387 646 ceteros
409 597 638 644 eminebat
660 609 809 643 terror
831 595 1005 663 servilis·
1022 631 1036 655 ,
1057 613 1114 643 ne
1137 595 1239 643 suus
1258 599 1422 663 cuique

113 671 244 718 domi
274 670 412 718 hostis
443 670 580 717 effet:
617 670 691 717 cui
723 686 808 717 nec
837 670 1048 728 credere,
1068 687 1183 729 nec,
1201 687 1299 718 non
1322 689 1423 720 cre-

146 745 265 792 endo
279 781 293 805 ‚
312 761 369 791 ne
387 744 598 791 infestior
616 742 743 790 fieret
755 779 770 802 ‚
787 741 923 790 fidem
943 743 1161 808 abrogare
1175 780 1188 802 ‚
1209 744 1308 792 satis
1327 759 1423 796 erat

112 835 278 867 tutum.
298 820 481 884 Vixque
504 817 755 865 concordia
774 816 859 864 fisti
881 816 1123 864 videbatur
1140 818 1280 881 poffe.
1313 832 1418 866 tan-

110 906 208 941 tum
239 893 552 957 superantibus
581 891 679 939 aliis
708 909 760 939 ac
789 892 1119 955 emergentibus
1150 893 1308 952 malis,
1335 911 1419 942 ne-

107 984 189 1016 mo
232 968 444 1015 tribunos
477 979 554 1014 aut
593 966 772 1029 plebem
805 965 1006 1016 timebat.
1051 967 1334 1017 mansuetum
1371 970 1418 1018 id

108 1041 387 1101 malumr&
413 1058 494 1105 per
529 1040 724 1088 aliorum
752 1039 953 1104 quietem
984 1041 1211 1090 malorum
1243 1043 1418 1108 semper

109 1116 357 1174 exoriens,
387 1128 575 1180 tumque
609 1115 694 1163 effe
729 1116 972 1180 peregrino
1005 1128 1180 1164 terrore
1213 1118 1417 1182 sopitum

110 1190 369 1237 videbatur.
393 1192 454 1237 At
476 1191 522 1237 id
547 1207 692 1254 prope
712 1208 854 1238 unum
874 1189 1071 1238 maxime
1095 1191 1321 1241 inclinatis
1342 1211 1417 1241 re-

108 1261 194 1310 bus
224 1262 446 1310 incubuit.
492 1274 641 1310 tantus
674 1263 794 1309 enim
830 1262 1039 1310 tribunos
1069 1262 1202 1310 furor
1241 1267 1418 1322 tenuit,

111 1347 164 1381 ut
184 1351 281 1382 non
303 1335 472 1381 bellum
486 1371 501 1392 ,
522 1334 596 1381 sed
614 1351 777 1382 vanam
797 1334 1037 1399 imaginem
1062 1335 1195 1395 belli,
1213 1337 1268 1384 ad
1286 1355 1417 1386 aver-

108 1409 274 1455 tendos
298 1408 353 1454 ab
376 1407 483 1472 legis
510 1425 618 1456 cura
647 1408 791 1471 plebis
813 1409 1019 1468 animos,
1039 1410 1323 1474 Capitolium
1344 1412 1418 1459 in-

108 1481 261 1529 sedifl'e
292 1483 624 1530 contenderent
652 1501 662 1529 ε
696 1482 995 1546 patriciorum
1037 1484 1236 1548 hospites
1270 1486 1416 1534 clien-

109 1555 296 1618 tesque,
329 1556 361 1616 fi
394 1557 565 1620 perlata
604 1556 700 1621 lege
735 1557 896 1605 frustra
927 1559 1225 1607 tumultuatos
1254 1561 1340 1608 effe
1372 1560 1417 1609 se

109 1628 334 1688 sentiant,
372 1627 548 1691 majore
567 1666 581 1688 ‚
612 1647 747 1694 quam
780 1631 1020 1690 venerint,
1050 1631 1232 1680 silentio
1263 1633 1415 1682 abitu-

109 1721 205 1753 ros.
243 1704 512 1752 Concilium
540 1705 645 1752 inde
667 1705 753 1769 legi
780 1705 1059 1769 perferendae
1085 1706 1277 1766 habere,
1299 1724 1415 1756 avo-

110 1791 217 1826 cato
238 1778 419 1841 populo
441 1778 498 1826 ab
517 1779 667 1826 armis.
688 1779 897 1826 Senatum
915 1778 1096 1826 interim
1114 1779 1319 1828 consules
1337 1780 1416 1829 ha-

108 1854 243 1911 bent,
262 1851 423 1900 alio'se
451 1850 626 1913 majore
653 1853 709 1899 ab
740 1851 935 1899 tribunis
963 1865 1088 1900 metu
1118 1852 1413 1915 ostendente,

109 1942 245 1990 quam
269 1941 405 1989 quem
435 1927 685 1973 nocturnus
715 1925 854 1973 hostis
882 1925 1109 1973 intulerat.

176 2002 326 2049 XVII.
360 2002 599 2064 Postquam
623 2018 748 2048 arma
772 2001 917 2065 poni,
937 2003 987 2049 &
1006 2001 1228 2049 discedere
1254 2002 1413 2050 homi-

109 2092 190 2124 nes
214 2076 270 2124 ab
306 2075 575 2123 stationibus
603 2074 860 2123 nuntiatum
890 2074 979 2134 est,
1000 2075 1044 2121 P.
1063 2075 1295 2135 Valerius,
1314 2076 1412 2124 col·

108 2149 207 2212 lega
237 2147 438 2196 senatum
467 2149 719 2206 retinente,
746 2146 788 2195 se
815 2164 872 2195 ex
901 2148 1025 2195 curia
1054 2149 1278 2213 proripit,
1303 2150 1411 2196 inde

35 2242 37 2246 ¹
110 2222 158 2269 in
193 2223 411 2286 templum
444 2223 499 2270 ad
529 2224 738 2271 tribunos
771 2223 933 2272 venit:
976 2226 1102 2287 Quid
1127 2228 1205 2271 lzoc
1238 2228 1295 2271 rei
1328 2227 1409 2292 ss,

109 2295 260 2359 inquit
277 2331 290 2354 ‚
315 2299 512 2343 tribuni?
531 2302 623 2360 Ap.
647 2300 860 2345 Herdonii
885 2299 1010 2345 duffu
1031 2297 1074 2346 δ’
1092 2299 1279 2359 auspicio
1304 2317 1407 2344 rem-

102 2371 318 2430 publicam
342 2371 517 2431 everfiiri
548 2373 638 2438 estis
654 2373 681 2417 ἓ
719 2372 826 2417 Tam
844 2371 965 2430 felix
997 2374 1116 2419 vohis
1141 2389 1409 2432 corrumpen-

110 2441 281 2502 dissuit
294 2477 310 2503 ,
328 2446 399 2506 qui
405 2444 585 2505 fimitia
599 2445 725 2512 vestra
748 2463 837 2492 non
855 2448 1080 2494 commovit
1096 2444 1240 2490 atcc‘i'or
1252 2447 1278 2491 ἓ
1302 2447 1413 2494 Cum.

1013 2512 1111 2569 N4
