1582 2793
194 144 338 193 26'
546 153 1104 203 TITILIVII

191 255 307 313 siuS‚
330 257 531 323 (quippe
554 278 661 308 vera
684 260 823 327 fuga)
853 263 933 326 qui
970 264 1224 313 simulantes
1244 264 1382 328 paulo
1401 274 1478 313 an*

191 339 236 374 te
270 329 406 396 secuti
437 346 590 391 erant,
627 335 846 398 oppidum
880 337 1156 397 repetebant.
1201 355 1298 384 non
1327 351 1478 386 tamen

190 401 395 464 eripuere
424 405 466 452 se
486 407 602 454 hosti
623 425 633 453 :
666 409 840 454 haerens
864 408 910 454 in
928 421 1049 472 terga
1070 412 1305 458 Romanus
1321 445 1335 469 ,
1353 410 1478 473 prius

191 491 327 537 quam
361 476 480 526 fores
508 491 745 542 portarum
774 479 1108 543 objicerentur,
1144 483 1274 531 velut
1301 483 1479 547 agmine

191 563 289 595 uno
313 550 534 615 irrumpit.

272 623 380 672 XV.
410 627 521 674 Belli
552 627 776 674 Fidenatis
808 627 1083 690 contagione
1117 627 1277 675 irritati
1308 626 1480 687 Veien-

192 693 307 741 tium
342 698 515 758 animi,
551 702 601 748 δε
627 699 1045 763 consanguinitate,
1083 698 1219 763 (nam
1250 700 1482 747 Fidenates

193 784 380 832 quoque
400 773 572 821 Etrusci
595 772 811 837 fuerunt)
840 775 889 820 δε
906 773 1032 836 quod
1053 772 1143 835 ipsa
1166 772 1482 835 propinquitas

194 842 318 904 loci,
349 847 380 892 fi
404 849 609 896 Romana
634 868 757 897 arma
783 849 996 896 omnibus
1019 847 1174 895 infesta
1195 846 1396 894 finitimis
1414 848 1483 894 es-

196 915 294 962 sent
309 953 321 975 ‚
338 919 589 968 stimulabat
607 959 620 979 ‚
645 923 693 970 in
711 922 823 968 fines
843 923 1080 968 Romanos
1100 931 1455 968 excucurrerunt
1471 956 1485 978 ‚

196 991 513 1053 populabundi
543 996 707 1058 magis,
738 1012 870 1058 quam
896 994 997 1056 justi
1027 1010 1155 1040 more
1177 992 1298 1040 belli.
1332 995 1485 1056 Itaque

197 1078 295 1129 non
318 1065 468 1112 castris
493 1067 677 1129 positis,
715 1084 811 1113 non
843 1065 1096 1128 exspectato
1125 1064 1322 1111 hostium
1353 1081 1483 1111 exer-

199 1136 321 1197 citu,
343 1152 516 1201 raptam
545 1157 600 1186 ex
621 1140 735 1203 agris
763 1140 958 1203 praedam
976 1150 1207 1201 portantes
1224 1173 1237 1195 ‚
1257 1136 1399 1198 Vejos
1418 1154 1484 1184 re·

199 1210 334 1258 diere.
363 1213 599 1261 Romanus
620 1226 780 1260 contra
796 1249 810 1272 ,
840 1212 1079 1276 postquam
1102 1210 1278 1257 hostem
1304 1210 1351 1257 in
1371 1210 1486 1274 agris

199 1300 299 1330 non
332 1283 537 1346 invenit,
567 1287 844 1335 dimicationi
868 1287 1037 1333 ultimae
1065 1286 1302 1333 instruEtus
1336 1285 1487 1332 inten—

202 1356 388 1419 tusque,
419 1359 623 1406 Tiberim
641 1361 804 1407 transit.
836 1377 969 1423 quem
990 1359 1225 1422 postquam
1247 1358 1386 1405 castra
1402 1375 1486 1421 po·

202 1445 311 1476 nere
327 1466 340 1488 ‚
373 1433 423 1479 &
454 1433 510 1478 ad
538 1433 695 1480 urbem
715 1434 988 1480 accessurum
1003 1431 1218 1493 Vejentes
1244 1431 1488 1488 audivere3

201 1502 391 1549 obviam
408 1505 560 1567 egreffi
577 1541 591 1563 ‚
625 1496 675 1552 ut
701 1506 853 1568 potius
883 1504 978 1552 acie
1006 1505 1323 1562 decernerent,
1354 1509 1489 1567 quam

203 1574 365 1622 inclufi
394 1578 447 1624 de
475 1579 600 1626 teffls
634 1578 951 1642 moenibusque
980 1579 1257 1628 dimicarent.
1296 1579 1393 1639 lbi,
1415 1578 1490 1628 vi-

204 1650 331 1698 ribus
366 1651 489 1698 nulla
526 1665 619 1699 arte
650 1653 844 1715 adjutis,
879 1666 1053 1700 tantum
1081 1653 1287 1703 veterani
1321 1652 1489 1699 robore

206 1725 432 1773 exercitus
461 1744 542 1773 rex
566 1729 798 1775 Romanus
826 1728 969 1774 vicit:
999 1726 1338 1790 persecutusque
1369 1724 1491 1772 fusos

205 1798 260 1843 ad
297 1799 468 1844 moenia
507 1799 682 1859 hostes,
718 1801 827 1847 urbe
861 1799 1009 1849 valida
1036 1800 1176 1846 muris
1206 1815 1257 1845 ac
1285 1797 1368 1844 fitu
1391 1795 1490 1858 ipso

207 1870 379 1916 munita
410 1871 642 1918 abstinuit:
676 1890 804 1936 agros
841 1873 1017 1919 rediens
1049 1871 1214 1930 vastat,
1246 1868 1492 1917 ulciscendi

207 1944 348 2007 magis
367 1981 381 2003 ,
403 1962 537 2008 quam
574 1946 735 2007 praedae
756 1982 769 2004 ‚
803 1946 962 1992 studio.
1011 1948 1161 2008 anue
1196 1943 1350 2002 clade,
1373 1941 1494 1989 haud

207 2018 355 2064 minus
388 2035 520 2080 quam
551 2018 733 2066 adversa
763 2016 1381 2083 pugna,fi1baffiVejentes‚
1412 2031 1494 2078 pa·
1533 2079 1536 2085 Ι

208 2107 310 2138 cem
335 2092 525 2155 petitum
551 2105 755 2140 oratores
774 2094 968 2139 Romam
997 2092 1196 2138 mittunt.
1230 2089 1340 2153 Agri
1369 2100 1494 2151 parte

210 2163 408 2211 multatis
435 2164 481 2209 in
513 2177 693 2211 centum
717 2181 861 2211 annos
887 2164 1080 2211 induciae
1103 2165 1229 2209 datae.
1274 2164 1384 2208 Haec
1407 2160 1493 2207 fer-

208 2256 304 2297 me,
318 2238 522 2285 Romulo
543 2251 778 2302 regnante,
800 2239 925 2285 domi
943 2237 1203 2299 militiaeque
1218 2236 1360 2299 gesta:
1380 2250 1495 2299 (μιᾳ-

210 2328 312 2358 rum
351 2311 462 2358 nihil
493 2312 711 2358 absonum
746 2310 849 2357 fidei
885 2311 1053 2358 divinae
1099 2309 1286 2373 originis
1325 2308 1496 2357 divini-

211 2382 400 2446 tatisque
428 2383 527 2446 post
549 2396 741 2429 mortem
774 2383 954 2429 creditae
985 2382 1091 2430 fuit:
1123 2400 1218 2428 non
1246 2380 1419 2428 animus
1449 2380 1497 2425 in

218 2474 358 2522 regno
396 2456 524 2508 avito
559 2456 868 2520 recuperando
890 2493 905 2516 ,
952 2473 1048 2503 non
1086 2455 1336 2504 condendae
1373 2452 1498 2501 urbis
