1680 2803
300 173 474 207 xxvm
677 160 906 206 TJTJ
965 160 1256 207 Ll‘VIl

295 288 452 332 magno
485 273 705 318 intervallo
734 272 817 314 loci
844 269 926 315 vix
955 285 1198 314 cernuntur:
1217 284 1307 314 tum
1322 302 1336 325 ,
1355 272 1470 331 quod
1483 280 1588 332 peri

297 370 398 398 rarae
407 370 486 413 per
498 353 638 397 eadem
653 366 836 410 tempora
852 350 1100 408 literaefuere
1111 386 1125 407 ‚
1145 369 1232 397 una
1252 351 1434 416 custodia
1437 352 1586 411 fidelis

300 433 502 477 memoriae
536 449 665 477 rerum
692 433 891 497 gestarum
905 449 926 485 ;
961 428 1004 476 δ’
1032 434 1147 491 quod
1182 434 1305 477 etiam
1320 465 1332 488 ,
1352 431 1403 496 st
1426 450 1512 492 quae
1540 433 1587 477 in

299 514 605 557 commentariis
629 511 905 570 Pontificum,
925 510 1099 569 aliisque
1126 512 1309 572 publicis
1331 512 1590 572 privatisque

299 608 418 638 erant
437 594 717 637 monumentis
730 624 743 647 ,
761 590 927 650 incensa
944 593 1037 636 urbe
1057 595 1252 652 pleraque
1267 594 1446 638 interiere
1464 608 1480 636 .·
1501 596 1591 638 cla-

299 673 410 716 riora
447 689 540 717 vero
574 671 762 730 deinceps
809 672 1052 731 certioraque
1091 671 1144 714 ab
1167 671 1358 730 secunda
1397 673 1555 733 origine
1571 702 1587 725 ‚

300 756 413 797 velut
435 758 488 798 ab
501 753 703 818 stirpibus
721 754 854 797 laetius
869 752 1132 813 feraciusilue
1151 770 1299 800 renatae
1326 754 1465 810 urbis,
1481 754 1590 820 gesta

301 836 418 880 domi
447 837 713 896 militiaeque,
747 835 935 900 exposita
964 832 1189 898 tradidiffi’.

368 947 482 995 Illud
510 948 611 996 sane
636 950 806 1010 miror,
831 963 928 998 tum
958 951 1168 1000 Budaeum
1186 987 1200 1009 ‚
1220 962 1315 999 tum
1345 953 1594 1001 Henricum'

306 1028 582 1076 Glareanum
599 1066 613 1087 ,
641 1030 768 1078 viros
797 1032 952 1095 utique
983 1031 1224 1095 sapientes,
1249 1050 1345 1080 non
1366 1034 1450 1080 effe
1469 1033 1593 1081 veri-

306 1123 378 1158 tos
415 1112 664 1169 affirmare,
692 1116 860 1160 Livium
892 1116 1090 1176 bellicosae
1121 1115 1344 1162 Gallorum
1372 1119 1506 1178 gentis
1532 1135 1592 1163 res

301 1196 432 1261 gestas
464 1195 601 1255 odiose
631 1193 833 1258 trablaffe.
878 1196 1114 1256 Quantum
1140 1196 1260 1243 enim
1289 1196 1444 1244 Livius
1468 1197 1595 1244 veri-

304 1276 385 1323 tati
407 1275 651 1333 studuerit,
671 1276 747 1322 vel
778 1293 835 1323 ex
869 1291 926 1322 eo
956 1276 1121 1341 assequi
1152 1276 1410 1338 conjeGura
1440 1277 1598 1341 poffu-

304 1373 403 1403 mus
422 1392 436 1415 ‚
459 1357 586 1420 quod
604 1356 651 1403 in
671 1355 969 1419 descriptione
988 1357 1094 1404 belli
1115 1357 1265 1406 civilis
1278 1393 1293 1416 ‚
1314 1375 1370 1405 ne
1390 1357 1594 1424 Augusto

306 1437 520 1501 quidem,
548 1455 573 1485 a
607 1455 700 1502 quo
732 1439 864 1487 unice
895 1439 1192 1504 diligebatur,
1222 1453 1384 1505 totque
1421 1441 1595 1489 divitiis

307 1516 611 1581 locupletatus
649 1517 825 1576 fuerat,
859 1536 910 1566 ac
944 1519 1203 1567 honoribus
1241 1533 1515 1580 exornatus,
1547 1522 1596 1570 in

308 1610 484 1645 tantum
507 1599 709 1647 voluerit
729 1601 967 1666 gratificari
982 1640 996 1661 ,
1018 1615 1068 1649 ut
1095 1603 1222 1650 aliter
1250 1621 1344 1651 rem
1373 1618 1597 1665 narraret,

306 1696 440 1743 quam
472 1679 629 1728 sairam
661 1681 807 1730 sciret.
851 1683 1071 1730 Audiatur
1100 1684 1172 1731 hic
1195 1685 1450 1734 Cremutius
1476 1688 1598 1734 Cor-

307 1761 420 1821 dus,
451 1761 513 1809 ita
548 1779 642 1809 rem
677 1780 886 1811 enarrans
919 1765 1036 1828 apud
1066 1766 1273 1814 Tacitum
1309 1767 1471 1814 Annal.
1505 1770 1597 1826 IV,

308 1839 416 1887 dum
441 1840 489 1886 in
520 1840 779 1889 defenfione
800 1842 909 1889 vitae
941 1844 1121 1906 publice
1152 1857 1380 1907 peroraret
1406 1865 1417 1893 :
1449 1849 1499 1894 T.
1520 1850 1599 1894 Li-

309 1924 406 1967 vius
427 1927 662 1984 eloquentiae
688 1943 737 1970 ac
743 1926 852 1984 fidei
870 1931 1095 1986 praeclarus
1120 1931 1343 1988 inprimis,
1375 1931 1448 1974 Cn.
1468 1931 1596 1975 Pom·

299 2001 449 2064 pojum
478 2007 609 2049 tantis
634 2006 831 2051 laudibus
855 2009 1040 2066 mlit‚.uc
1058 2007 1365 2068 Pompejanum
1386 2027 1477 2054 eum
1497 2012 1599 2055 Au-

308 2085 449 2149 gustus
471 2089 720 2145 appellaret,
745 2106 868 2148 neque
888 2089 937 2132 id
952 2089 1149 2134 amicitiae
1171 2107 1306 2135 eorum
1326 2085 1472 2152 officit.
1499 2093 1596 2136 Sci-

305 2164 473 2222 pionem
491 2197 505 2219 ,
527 2163 761 2222 Afranium
777 2199 790 2220 ,
818 2167 925 2210 lzunc
950 2166 1085 2226 ipsum
1110 2162 1287 2229 Caffium
1303 2202 1316 2223 ‚
1342 2168 1452 2212 lzunc
1482 2169 1596 2214 Bru-

312 2261 400 2289 tum
431 2245 635 2305 nusquam
666 2251 844 2296 latrones
875 2245 918 2293 δ’
938 2251 1175 2310 parricidas
1192 2284 1205 2306 ‚
1223 2235 1309 2310 quae
1335 2269 1446 2296 nunc
1475 2269 1598 2298 roca-

311 2327 410 2371 bula
438 2327 709 2386 imponuntur
723 2328 857 2389 ‚saepe
883 2344 928 2374 ut
951 2332 995 2375 in
1011 2347 1127 2391 ignes
1156 2331 1268 2376 viros
1290 2334 1497 2378 nominat.

380 2442 523 2504 Quod
543 2455 689 2492 autem
708 2445 863 2498 Livius
885 2447 1121 2497 Gallorum
1145 2448 1267 2514 genti
1286 2447 1482 2497 infensus
1503 2448 1597 2496 fuc-
