1582 2793
302 164 902 213 HISTORIARUM
945 167 1079 212 LlB.
1127 169 1157 212 1.
1333 181 1388 212 21

100 286 192 322 tam
213 271 468 322 conditoris
494 271 650 334 templi
678 287 843 318 vocem
875 272 960 317 effe
977 308 990 327 ,
1023 290 1108 334 qua
1134 274 1306 319 laturos
1332 289 1390 319 eo

30 395 47 400 ,
98 347 241 410 spolia
265 347 470 410 posteros
492 345 803 407 nuncupavit:
831 360 914 391 nec
944 346 1229 393 multitudine
1263 363 1391 393 com-

99 432 264 482 potum
296 417 391 480 ejus
432 418 543 465 doni
566 417 743 482 vulgari
770 417 959 466 laudem.
991 418 1101 465 Bina
1136 420 1287 482 postea
1321 420 1393 465 in-

99 506 170 540 ter
195 507 266 541 tot
298 510 471 552 annos,
496 504 567 539 tot
596 493 736 550 bella,
770 493 921 556 opima
946 505 1067 556 parta
1100 492 1201 540 sunt
1236 494 1394 558 spolia.

99 567 214 614 adeo
237 584 334 614 rara
363 566 457 627 ejus
484 565 668 613 fortuna
702 566 881 613 decoris
905 565 1003 614 fuit.

160 640 240 687 Xl.
277 641 405 687 Dum
436 656 483 686 ea
510 639 572 685 ibi
599 638 794 685 Romani
827 650 1017 702 gerunt,
1049 637 1390 685 Antemnatium

94 711 323 759 exercitus
345 729 425 774 per
454 712 738 758 occasionem
766 728 817 757 ac
850 710 1136 759 solitudinem
1170 710 1387 757 hostiliter

93 785 141 833 in
166 784 276 833 fines
296 787 533 832 Romanos
561 784 870 832 incursionem
892 785 1012 832 facit.
1044 785 1226 849 Raptim
1254 786 1303 832 ὃ(
1333 784 1389 830 ad

91 858 180 907 hos
200 860 405 906 Romana
431 859 552 923 legio
574 859 700 906 ducta
729 859 903 922 palatos
934 859 980 906 in
1010 860 1125 923 agris
1157 858 1389 923 oppreffit.

92 932 193 979 Fufi
216 931 354 996 igitur
382 932 532 995 primo
551 931 722 993 impetu
749 933 799 979 ὃ(
820 931 1019 978 clamore
1046 930 1222 978 hostes:
1250 930 1388 992 oppi-

92 1005 200 1052 dum
235 1018 429 1068 captum.
461 1005 722 1068 duplicique
742 1005 935 1053 vietoria
962 1018 1179 1053 ovantem
1206 1007 1388 1051 Romu-

91 1077 185 1123 lum
218 1076 406 1124 Herfilia
437 1075 639 1137 conjnx,
668 1077 878 1141 precibus
910 1088 1137 1140 raptarum
1174 1076 1388 1140 fatigata,

91 1162 222 1207 orat,
248 1161 297 1195 ut
320 1148 581 1211 parentibus
610 1166 761 1197 earum
786 1151 860 1197 det
882 1150 1090 1209 veniam,
1124 1152 1174 1198 &
1200 1151 1247 1197 in
1266 1150 1387 1197 civi-

93 1235 230 1270 tatem
251 1222 444 1285 accipiat
464 1240 474 1269 :
506 1223 567 1270 ita
592 1240 686 1270 rem
711 1224 957 1272 coalescere
976 1224 1226 1272 concordia
1245 1224 1386 1288 poffe.

91 1298 238 1345 Facile
264 1297 567 1360 impetratum.
606 1298 714 1345 Inde
746 1312 904 1346 contra
935 1299 1252 1346 Crustuminos
1271 1316 1384 1362 pro-

86 1370 260 1429 fieus,
289 1370 455 1417 bellum
487 1370 745 1419 inferentes.
788 1372 852 1418 lbi
884 1372 1029 1418 minus
1061 1372 1224 1430 etiam,
1256 1372 1384 1435 quod

87 1445 246 1494 alienis
272 1445 468 1492 cladibus
501 1446 754 1493 ceciderant
787 1447 922 1493 animi
944 1483 957 1505 ‚
991 1448 1245 1495 certaminis
1280 1447 1382 1496 fuit.

85 1521 303 1583 Utroque
325 1518 524 1565 coloniae
555 1519 703 1566 missae.
736 1520 882 1583 plures
903 1520 1079 1568 inv-„nti
1097 1557 1109 1578 ‚
1137 1521 1216 1585 qui
1238 1537 1382 1584 prop-
1447 1554 1452 1559 ·

84 1602 155 1640 ter
184 1593 432 1640 ubertatem
467 1605 596 1638 terrae
629 1593 675 1639 in
701 1593 1039 1641 Crustuminum
1077 1595 1267 1642 nomina
1299 1596 1380 1642 da-

85 1678 201 1715 rent.
239 1668 287 1714 &
311 1667 506 1712 Romam
536 1667 640 1714 inde
672 1666 932 1732 frequenter
958 1670 1198 1733 migratum
1230 1669 1329 1729 est,
1353 1688 1382 1718 a

83 1740 350 1803 parentibus
367 1741 558 1787 maxime
577 1759 628 1790 ac
649 1742 920 1806 propinquis
944 1756 1183 1806 raptarum.
1208 1742 1379 1790 Novis-

85 1814 243 1861 fimum
268 1815 324 1861 ab
337 1815 510 1862 Sabinis'
528 1816 697 1864 bellum
718 1830 898 1874 ortum,
915 1818 1152 1881 multoque
1169 1818 1218 1865 id>
1234 1818 1380 1867 maxi·
1435 1856 1437 1859 .

83 1904 209 1934 mum
241 1887 340 1935 fuit.
378 1890 488 1936 nihil
519 1890 637 1938 enim
659 1908 739 1954 per
757 1890 865 1937 iram
891 1904 968 1938 aut
988 1891 1275 1954 cupiditatem
1299 1911 1378 1941 ac-

81 1971 178 2006 tum
203 1960 293 2007 est:
319 1978 402 2009 nec
430 1962 725 2010 ostenderunt
757 1963 924 2010 bellum
953 1964 1076 2027 prius
1094 2001 1110 2021 ‚
1142 1982 1272 2028 quam
1298 1966 1375 2013 in-

79 2034 297 2081 tulerunt.
324 2036 530 2084 Consilio
552 2037 685 2084 etiam
707 2038 883 2085 additus
903 2038 1050 2085 dolus.
1067 2039 1380 2104 Sp.Tarpejus

80 2110 303 2158 Romanae
324 2126 511 2174 praeerat
531 2113 637 2160 arci.
675 2112 821 2176 Hujus
848 2112 986 2160 filiam
1006 2114 1230 2178 virginem
1257 2133 1376 2164 auro

81 2183 333 2246 corrumpit
372 2184 560 2245 Tatius,
594 2197 645 2233 ut
674 2198 869 2232 armatos
905 2185 951 2232 in
983 2202 1133 2233 arcem
1164 2188 1374 2251 accipiat.

77 2271 239 2318 aquam
267 2254 390 2302 forte
420 2273 471 2303 ea
492 2273 587 2304 tum
608 2255 738 2304 sacris
758 2270 884 2304 extra
903 2257 1075 2304 moenia
1091 2257 1283 2320 petitum
1303 2259 1372 2304 ie-

76 2341 160 2376 rat.
179 2329 365 2392 Accepti
385 2330 592 2379 obrutam
612 2331 745 2379 armis
764 2347 1010 2379 necavere:
1032 2331 1107 2378 seu
1126 2344 1177 2378 ut
1193 2332 1242 2379 vi
1263 2348 1371 2395 cap-

75 2413 121 2449 ta
145 2402 295 2466 potius
313 2421 392 2450 arx
420 2404 653 2453 videretur
669 2443 681 2464 ,
706 2406 780 2454 seu
801 2407 1026 2470 prodendi
1045 2407 1240 2469 exempli
1262 2423 1367 2454 cau-

75 2474 145 2544 sa!
178 2493 235 2527 ne
256 2477 367 2546 quid
383 2478 570 2548 usquam
593 2480 734 2531 fidum
763 2481 992 2549 proditori
1015 2481 1134 2529 ess'et.
1171 2481 1369 2531 Additus

1014 2555 1046 2601 B
1084 2570 1109 2618 3
