1582 2793
185 143 252 196 ‘24
540 133 1100 184 TITILIVII

185 243 269 290 dus
291 233 546 290 faciendum
572 242 706 291 duces
729 244 984 307 prodeunt:
1020 261 1104 292 nec
1127 262 1283 308 pacem
1302 246 1478 307 mocl03

189 314 265 363 sed
292 318 340 363 ἕξ
362 316 591 364 civitatem
611 334 745 364 unam
776 335 834 364 ex
854 317 1028 364 duabus
1055 318 1256 365 faciunt:
1287 336 1478 383 regnum

187 389 484 450 consociant,
503 384 746 455 imperium
768 407 905 437 omne
927 391 1173 438 conferunt
1187 392 1394 440 Romam.
1414 393 1480 440 Ita

191 462 417 527 geminata
436 464 547 511 urbe
565 499 578 522 ‚
607 476 657 510 ut
689 462 863 510 Sabinis
890 474 1040 510 tamen
1071 463 1242 527 aliquid
1272 464 1479 522 daretur,

194 537 402 598 Quirites
439 554 464 585 a
496 537 693 585 Curibus
730 534 952 600 appellati.
998 552 1347 584 monumentum
1383 536 1482 599 ejus

191 627 387 674 pugnae,
419 610 498 662 ubi
531 610 725 673 primum
755 625 812 656 ex
842 606 1071 671 profunda
1093 609 1288 657 emersus
1319 609 1482 672 palude

191 700 333 747 equus
351 684 561 730 Curtium
582 683 630 729 in
652 682 772 729 vado
793 679 974 738 statuit,
997 680 1209 728 Curtium
1231 681 1378 729 lacum
1398 699 1484 746 ap-

190 755 429 820 pellarunt.
463 758 531 802 Ex
552 754 673 802 bello
698 765 790 802 tam
815 752 927 799 tristi
956 751 1057 799 laeta
1079 765 1267 816 repente
1293 771 1384 818 pax
1404 770 1481 801 ca-

192 829 338 876 riores
365 829 550 876 Sabinas
576 828 688 875 viris
709 845 760 874 ac
789 825 1080 890 parentibus,
1114 828 1166 875 &
1194 823 1297 874 ante
1324 841 1486 874 omnes

192 900 400 948 Romulo
422 900 501 963 ipsi
518 936 531 958 ,
551 898 670 947 fecit.
698 901 851 961 Itaque
865 934 881 957 ‚
901 915 1003 946 cum
1026 897 1248 961 populum
1270 899 1318 946 in
1339 897 1488 946 curias

194 974 379 1039 triginta
412 975 661 1034 divideret,
696 973 886 1020 nomina
915 989 1069 1020 earum
1089 972 1226 1020 curiis
1254 971 1486 1037 irnposuit.

193 1049 245 1097 ld
274 1066 368 1096 non
401 1050 619 1106 traditur,
650 1065 753 1097 cum
781 1046 897 1093 haud
916 1045 1053 1094 dubie
1072 1045 1310 1110 aliquanto
1328 1063 1486 1095 nume-

194 1140 272 1171 rus
299 1121 444 1184 major
470 1123 560 1170 hoc
584 1122 826 1168 mulierum
855 1119 1017 1179 fuerit,
1036 1131 1193 1178 aetate,
1217 1137 1273 1167 an
1292 1119 1487 1184 dignita-

195 1195 318 1243 tibus
349 1196 435 1244 suis
455 1196 728 1243 virorumve
742 1230 757 1252 ‚
777 1211 835 1240 an
857 1192 976 1240 sorte
997 1192 1120 1241 leuae
1147 1193 1232 1240 fint
1249 1229 1264 1252 ‚
1282 1210 1384 1257 quae
1403 1212 1490 1241 no-

196 1270 321 1318 mina
352 1269 487 1319 curiis
523 1270 691 1317 darent.
728 1268 903 1316 Eodem
941 1270 1148 1332 tempore
1186 1270 1236 1317 &
1271 1271 1491 1317 centuriae

198 1356 289 1392 tres
320 1345 524 1409 equitum
554 1341 823 1409 conscriptae
849 1342 952 1391 sunt
968 1380 986 1402 ,
1009 1341 1285 1392 Ramnenses
1312 1344 1366 1391 ab
1389 1345 1492 1393 Ro-

198 1419 323 1468 mulo
343 1455 357 1477 ‚
379 1418 434 1466 ab
461 1417 573 1464 Tito
595 1417 734 1465 Tatio
757 1415 978 1464 Titienses
1006 1417 1234 1480 appellati.
1270 1419 1493 1466 Lucerum

197 1491 401 1540 nominis
428 1494 477 1540 δέ
497 1490 686 1555 originis
705 1489 834 1538 causa
852 1490 1025 1538 incerta
1042 1489 1118 1537 est.
1147 1489 1254 1539 Inde
1273 1506 1370 1536 non
1391 1505 1494 1537 mo·
1542 1507 1544 1510 ·

203 1565 266 1611 ‹lo
302 1581 575 1624 commune,
609 1563 682 1611 sed
713 1579 912 1612 concors
942 1562 1075 1611 etiam
1100 1579 1289 1628 regnum
1315 1562 1495 1612 duobus

203 1638 382 1701 regibus
412 1636 511 1684 fuit.

272 1712 401 1759 XIV.
432 1710 537 1757 Post
569 1710 744 1774 aliquot
772 1725 918 1756 annos
951 1708 1203 1774 propinqui
1229 1708 1344 1774 regis
1373 1707 1497 1756 Tatii

202 1782 382 1849 legatos
401 1784 693 1832 Laurentium
719 1783 906 1847 pulsant.
948 1799 1147 1848 cumque
1163 1785 1407 1831 Laurentes
1430 1781 1499 1843 ju·

206 1874 258 1906 re
278 1857 477 1921 gentium
496 1869 708 1925 agerent,
740 1857 862 1920 apud
879 1856 1064 1904 Tatium
1083 1855 1224 1922 gratia
1247 1855 1431 1903 suorum
1449 1857 1502 1905 δε

212 1947 367 1996 preces
396 1930 497 1995 plus
526 1941 750 1993 poterant.
783 1929 925 1993 Igitur
953 1929 1140 1977 illorum
1171 1946 1355 1993 poenam
1380 1928 1427 1975 in
1459 1927 1503 1976 se

215 2005 368 2053 vertit.
402 2021 505 2051 nam
538 2003 717 2053 Lavinii
734 2039 751 2061 ,
783 2020 886 2051 cum
914 2003 970 2052 ad
988 2002 1205 2052 sollemne
1233 2001 1503 2051 sacrificium

216 2095 274 2127 eo
299 2079 516 2138 venisset,
554 2077 778 2126 concursu
805 2076 925 2126 fafito
954 2076 1238 2127 interficitur.
1271 2080 1380 2124 Eam
1410 2092 1503 2122 rem

218 2151 366 2199 minus
388 2169 501 2216 aegre
517 2189 531 2211 ,
560 2169 697 2216 quam
720 2153 905 2220 dignum
939 2164 1032 2200 erat
1050 2187 1064 2211 ‚
1092 2151 1236 2199 tuliffe
1256 2149 1505 2197 Romulum

215 2224 401 2284 ferunt,
431 2225 504 2272 seu
535 2227 597 2272 ob
618 2226 802 2274 infidam
833 2225 1090 2274 societatem
1116 2224 1270 2289 regni,
1301 2224 1373 2272 seu
1400 2224 1506 2286 quia
1577 2219 1582 2222 ’

219 2297 344 2352 haud
365 2297 525 2359 injuria
546 2298 709 2349 caesum
736 2298 958 2346 credebat.
993 2300 1147 2361 Itaque
1177 2297 1299 2344 bello
1322 2297 1506 2361 quidem

224 2370 461 2419 abstinuit:
486 2384 537 2417 ut
565 2382 715 2418 tamen
745 2371 1034 2434 expiarentur
1063 2371 1313 2436 legatorum
1333 2369 1508 2433 injuriae

223 2442 430 2510 regisque
450 2443 593 2494 caedes
609 2478 625 2506 ‚
651 2442 800 2494 foedus
828 2443 944 2493 inter
964 2443 1161 2492 Romam
1177 2443 1509 2507 Laviniumque
