1582 2793
259 230 868 280 HISTORIARUM
904 231 1036 279 ΜΒ.
1081 233 1186 279 111.
1325 249 1414 297 273

107 338 232 398 fieri,
252 340 433 386 Patrum
461 337 684 402 primores
705 338 942 386 arcessunt.
976 356 1078 387 cum
1112 341 1178 389 his
1203 340 1420 388 circumi-
1472 325 1475 338 ’

109 432 157 462 re
173 414 385 461 tribunos
400 449 413 470 ‚
439 427 569 459 Orare
584 448 597 469 ,
626 415 691 458 Nc
701 411 919 475 pffmum
929 413 1108 472 facinus
1122 417 1262 476 pejore
1282 434 1420 461 exem-

102 495 181 552 plo
211 492 477 535 admitterent
491 488 691 545 judices,
715 492 760 534 in
781 488 912 549 suam
943 507 1024 535 rem
1056 493 1165 535 litem
1202 493 1426 545 παππία,-

110 583 202 610 cum
220 564 448 625 pracsertim
466 597 479 619 ‚
512 562 678 627 etiamsi
694 562 776 621 fas
795 562 887 627 fit,
912 581 1051 608 curam
1076 566 1340 609 emolumenti
1347 564 1424 624 sui

41 656 44 662 ¹
95 636 244 694 judici
275 633 376 699 effi,
406 654 668 696 nequaquam
689 651 856 680 tantum
883 653 985 697 agro
1014 638 1313 696 intercipiendo
1344 654 1422 682 ac-

109 711 322 770 quiratur,
351 724 554 769 quantum
581 710 802 752 amittatur
819 709 1062 754 alienandis
1092 707 1255 766 injuria
1274 709 1423 767 sbcio-

107 801 201 829 rum
237 784 413 827 animis.
448 783 566 825 Nam
576 778 712 837 fhmae
737 782 900 839 quidem
932 797 981 825 ac
1004 779 1115 838 fidei
1139 782 1299 826 damna
1326 800 1423 826 ma-

101 855 201 912 jora
227 851 302 917 effi
318 887 332 910 ‚
361 869 486 914 quam
509 869 595 912 quae
616 852 809 917 aestimari
835 848 1010 914 pqfflm.
1051 851 1148 896 Hoc
1181 855 1340 913 legatos
1359 870 1423 897 re-

94 926 206 986 fine
224 930 397 973 domum
411 942 428 970 .·
456 928 532 971 t'zoc
560 927 759 987 vulgari:
791 926 867 970 lzoc
886 924 1031 984 sbcios
1052 926 1226 970 audire:
1252 926 1329 970 hoc
1346 926 1420 970 ho·

96 1001 194 1066 stes.
215 1018 295 1061 quo
314 1019 405 1046 cum
426 1002 566 1046 dolore
594 1000 670 1043 hos
685 999 710 1042 ,Ρ
729 1015 810 1058 quo
831 1016 920 1041 cum
940 1000 1100 1058 gaudio
1120 998 1255 1044 illos?
1286 1002 1422 1058 Scap·

106 1075 218 1120 tione
247 1074 351 1130 hoc,
383 1073 624 1116 concionali
638 1070 738 1129 fini
750 1105 765 1126 ,
792 1067 1073 1131 affigaaturos
1097 1087 1292 1130 pus—crum
1308 1073 1421 1123 fini·

107 1146 234 1188 timos
245 1145 465 1202 populos?
485 1147 654 1190 Clarum
672 1146 749 1188 lzac
759 1141 856 1200 sore
874 1145 1058 1198 imagine
1073 1138 1291 1196 Scaptium
1308 1154 1324 1181 .·
1335 1156 1421 1197 po·

99 1218 252 1277 pulum
285 1216 531 1260 Romanum
564 1214 908 1272 quadruplatoris
946 1208 988 1255 6⁴
1019 1211 1298 1270 interceptoris
1327 1212 1419 1255 litis

106 1289 254 1331 aliena
269 1287 496 1347 persbnam
520 1288 717 1328 laturum.
762 1299 877 1342 quem
912 1283 1020 1326 enim
1054 1282 1130 1326 hoc
1149 1283 1330 1341 privatae
1362 1283 1423 1328 rei

95 1358 292 1418 judicem
329 1355 472 1420 ficiffi
489 1391 505 1411 ,
542 1371 589 1400 ut
615 1354 705 1419 sthi
744 1354 1108 1418 controverso-lam
1151 1355 1418 1412 adjudicaret

105 1449 190 1478 rem
207 1431 232 1475 ,³
257 1431 477 1489 Scaptium
510 1428 646 1488 ipsum
675 1429 722 1472 id
743 1428 906 1488 quidem
922 1462 936 1484 ‚
962 1426 1034 1489 etsi
1048 1431 1291 1488 praemortui
1308 1428 1415 1486 jam

93 1503 162 1570 fit
181 1505 361 1564 pudoris
382 1537 394 1556 ‚
421 1520 507 1547 tzorz
531 1500 766 1560 fac‘lurum.
805 1501 915 1547 Haec
944 1499 1177 1559 consules,
1202 1500 1300 1548 haec
1326 1503 1414 1549 Pa-

106 1589 198 1620 tres
232 1572 562 1620 vociferantur.
594 1571 667 1618 sed
697 1571 798 1634 plus
828 1571 1049 1635 cupiditas
1081 1573 1131 1619 ὅ(
1152 1572 1308 1619 audior
1330 1590 1413 1621 cu·

109 1646 310 1711 piditatis
350 1646 557 1709 ScaptIus
592 1645 730 1691 valet.
773 1647 966 1692 Vocatae
997 1645 1139 1692 tribus
1174 1644 1418 1708 judicave-

111 1734 244 1779 runt,
263 1737 417 1783 agrum
442 1719 677 1781 publicum
699 1717 859 1780 populi
879 1718 1076 1764 Romani
1099 1717 1197 1765 effe.
1220 1719 1320 1765 Nec
1340 1718 1418 1766 ab·

114 1796 269 1842 nuitur
289 1793 350 1840 ita
370 1792 515 1850 fuisse,
537 1792 567 1838 fi
588 1792 642 1838 ad
660 1791 830 1853 judices
850 1792 963 1838 alios
985 1791 1097 1838 itum
1118 1792 1265 1839 foret:
1295 1810 1417 1841 nunc

115 1868 237 1914 haud
269 1866 369 1914 sane
403 1867 649 1931 quidquam
686 1866 814 1911 bono
847 1865 989 1912 causae
1017 1865 1200 1913 levatur
1226 1866 1422 1914 dedecus

114 1941 280 2005 judicii.
323 1941 460 2004 idque
493 1956 589 1986 non
625 1939 822 1986 Aricinis
853 1939 1216 2004 Ardeatibusque
1239 1977 1253 1999 ,
1282 1957 1419 2004 quam

116 2015 316 2062 Patribus
356 2013 609 2070 Romanis,
647 2013 814 2060 foedius
848 2025 980 2077 atque
1017 2014 1219 2062 acerbius
1254 2013 1416 2062 visum,

118 2087 361 2152 Reliquum
388 2087 495 2134 anni
521 2087 726 2152 quietum
759 2087 815 2133 ab
847 2087 1026 2135 urbanis
1057 2089 1259 2137 motibus
1286 2089 1336 2138 ὅ(
1359 2088 1416 2137 ab

119 2161 315 2211 externis
335 2161 511 2211 mansit.

191 2595 243 2642 T.
267 2596 384 2642 Livii
421 2598 520 2643 Vol.
547 2597 584 2642 1.
1116 2591 1148 2636 S
