1582 2793
310 163 1142 214 HISTORIARUMLIBJ.
1319 185 1381 229 47

163 268 320 316 XXX.
352 272 498 316 Roma
520 271 695 316 interim
715 272 871 318 crescit
892 274 1018 319 Albae
1039 274 1192 322 ruinis.
1236 276 1383 340 dupli-

98 352 226 403 catur
244 342 416 388 civium
439 360 666 390 numerus.
703 345 882 391 Coelius
908 346 1084 392 additur
1105 348 1203 394 urbi
1226 365 1383 405 mons;

101 413 179 469 &,
203 430 297 475 quo
330 414 607 478 frequentius
639 417 940 477 habitaretur,
976 435 1072 465 eam
1108 420 1251 467 sedem
1274 422 1385 468 Tul-

98 485 166 532 lus
198 488 327 550 regiae
359 490 508 552 capit,
539 491 691 553 ibique
719 492 953 539 habitavit.
988 493 1216 556 Principes
1246 496 1385 542 Alba-

99 576 264 606 norum
294 562 340 607 in
378 564 558 622 Patres,
599 577 648 611 ut
683 581 732 611 ea
769 582 954 628 quoque
992 583 1093 629 pars
1126 566 1386 630 reipublicae

99 633 342 695 cresceret,
371 636 474 699 legit
491 638 697 697 Tullios,
721 639 941 687 Servilios
957 676 971 699 ,
992 641 1265 701 QuinffiOS,
1293 645 1386 689 Gc-

99 706 259 769 ganios
282 743 296 766 ,
329 710 559 758 Curiatios
579 748 593 770 ,
626 712 852 761 Cloelios:
893 713 1201 778 templumque
1233 716 1384 762 ordini

99 779 153 825 ab
173 779 214 826 se
237 782 367 827 aucto
394 784 561 830 curiam
586 783 717 844 fecit,
741 803 840 849 quae
863 787 1055 835 Hostilia
1076 787 1215 852 usque
1235 788 1290 835 ad
1311 805 1386 851 pa-

98 860 215 898 trum
254 853 512 901 nostrorum
540 867 715 903 aetatem
736 859 957 920 appellata
990 860 1065 907 est.
1102 861 1182 919 &,
1207 871 1258 906 ut
1287 876 1385 906 om-

100 927 222 974 nium
248 930 460 977 ordinum
482 931 659 978 viribus
681 932 849 996 aliquid
873 951 928 980 ex
958 951 1091 981 novo
1111 934 1290 997 populo
1309 935 1389 981 ad-

97 999 335 1062 jicerctur,
367 1004 571 1067 equitum
591 1005 744 1052 decem
772 1018 938 1054 turmas
969 1024 1025 1054 ex
1049 1007 1238 1054 Albanis
1265 1007 1386 1072 legit.

99 1075 320 1137 Legiones
351 1077 401 1123 &
422 1088 595 1123 veteres
628 1077 789 1123 eodem
813 1077 1125 1141 supplemento
1152 1079 1387 1142 explevit,

83 1148 148 1200 ⁷&
182 1163 324 1195 novas
351 1148 533 1211 scripsit.
564 1150 658 1195 Hac
690 1149 852 1197 fiducia
878 1151 1051 1197 virium
1066 1151 1230 1199 Tullus
1259 1152 1388 1198 Sabi—

98 1219 167 1263 nis
194 1220 363 1265 bellum
398 1221 587 1281 indicit,
624 1223 745 1286 genti
776 1240 826 1270 ca
857 1223 1115 1286 tempestate
1144 1224 1388 1271 secundum

99 1291 310 1339 Etruscos
352 1292 696 1355 opulentiffimae
736 1295 844 1340 viris
879 1296 1112 1360 armisque.
1162 1298 1390 1363 Utrinque

99 1361 276 1425 injuriae
306 1363 429 1411 faelae
448 1400 462 1422 ,
495 1381 547 1410 ac
577 1380 647 1410 res
680 1365 987 1428 nequidquam
1019 1378 1147 1412 erant
1171 1370 1388 1431 repetitae.

97 1437 258 1484 Tullus
287 1439 341 1484 ad
361 1437 564 1485 Feroniae
585 1436 738 1485 fanum
764 1452 964 1486 mercatu
990 1439 1214 1503 frequenti
1242 1460 1388 1508 nego-

99 1509 285 1557 tiatores
323 1511 560 1558 Romanos
596 1512 951 1575 comprehensos
985 1513 1265 1576 querebatur.
1306 1517 1387 1563 Sa-

98 1582 193 1630 bini
223 1582 325 1631 suos
354 1583 479 1646 prius
502 1583 549 1631 in
579 1585 732 1631 lucum
763 1585 1042 1649 confugiffe,
1062 1603 1115 1633 ac
1134 1587 1296 1635 Romae
1314 1605 1388 1636 re·

96 1668 262 1704 tentos.
302 1657 371 1704 hae
404 1655 545 1704 causae
576 1657 682 1704 belli
716 1657 990 1706 ferebantur.
1035 1659 1222 1719 Sabini,
1268 1661 1389 1710 haud

73 1747 252 1793 ,parum
275 1746 527 1789 memores,
558 1733 608 1779 &
629 1731 807 1778 suarum
837 1733 1006 1779 virium
1034 1746 1208 1796 partem
1228 1735 1390 1785 Romae

96 1804 152 1850 ab
178 1803 316 1851 Tatio
346 1804 567 1863 locatam,
604 1807 654 1853 &
685 1806 938 1853 Romanam
965 1822 1061 1853 rem
1081 1823 1229 1869 nuper
1255 1808 1389 1857 etiam

96 1877 348 1940 adjectione
367 1879 528 1943 populi
547 1880 711 1926 Albani
739 1881 911 1927 auctam
930 1917 944 1939 ,
972 1880 1318 1944 circumspicere
1337 1885 1388 1932 δέ

96 1951 178 2014 ipsi
207 1964 394 1999 externa
427 1951 607 1998 auxilia.
642 1953 821 2000 Etruria
854 1967 949 2000 erat
971 1954 1153 2012 vicina,
1188 1956 1387 2017 proximi

98 2023 390 2072 Etruscorum
417 2022 646 2086 VejenteS.
679 2025 817 2083 Inde,
850 2025 917 2072 ob*
939 2025 1130 2073 refiduas
1161 2026 1388 2076 bellorum

96 2097 181 2145 iras
200 2097 392 2144 maxime
420 2096 667 2144 sollicitatis
685 2097 739 2144 ad
758 2097 1057 2147 defectionem
1079 2099 1264 2161 animis,
1301 2119 1386 2150 vo-

95 2162 316 2218 luntarios
336 2163 523 2217 traicere.
557 2172 607 2219 ἃ
635 2171 753 2233 apud
774 2188 917 2236 vagos
945 2172 1162 2237 quosdam
1191 2191 1249 2221 ex
1282 2175 1386 2223 ino·

97 2245 144 2308 pi
173 2244 302 2308 plebe
332 2245 466 2291 etiam
488 2261 660 2291 merces
681 2245 839 2293 valuit.
875 2247 1067 2295 publico
1087 2247 1260 2295 auxilio
1284 2249 1387 2296 nul-

97 2320 144 2365 lo
175 2317 316 2380 adjuti
351 2317 465 2366 sunt.
499 2317 737 2382 valuitque
767 2319 885 2382 apud
909 2319 1118 2382 Vejentes
1149 2322 1283 2381 (nam
1329 2321 1386 2368 de

97 2392 258 2439 ceteris
289 2391 438 2438 minus
467 2391 631 2438 mirum
659 2390 749 2456 est)
787 2393 910 2456 pacta
939 2411 1044 2440 cum
1074 2393 1278 2440 Romulo
1311 2391 1386 2438 in-

97 2465 329 2514 duciarum
362 2463 486 2514 fides:
522 2465 641 2514 Cum
670 2464 838 2514 bellum
865 2466 1077 2531 utrinque
1101 2466 1268 2516 summa
1295 2484 1384 2532 ope
