1582 2793
263 171 872 223 HISTORIARUM
922 171 1196 219 LIB.III.
1333 182 1423 230 241

123 295 214 334 tur.
243 285 474 332 Valerium
503 280 837 344 Horatiumque
864 280 996 326 lielor
1020 278 1269 327 decemviri
1298 280 1430 326 inva-

127 361 208 406 dit.
242 357 508 422 franguntur
534 372 558 401 a
578 354 872 419 multitudine
899 352 1050 400 fasces.
1082 357 1129 399 In
1153 354 1432 400 concionem

129 434 303 498 Appius
333 431 545 479 ascendit.
590 431 851 492 Sequuntur
882 428 1099 473 Horatius
1126 427 1434 491 Valeriusque.

128 524 211 555 eos
236 505 407 554 concio
439 503 594 551 audit:
625 500 891 549 decemviro
912 499 1201 562 obstrepitur.
1227 501 1320 547 Jam
1344 515 1432 563 pro

129 579 325 642 imperio
362 577 569 624 Valerius
606 573 830 621 discedere
865 589 890 618 a
919 571 1107 634 privato
1140 571 1320 619 lictores
1357 571 1433 633 ju-

129 655 266 703 bebat
287 672 296 700 :
318 670 446 710 cum,
462 651 612 698 fraffis
632 650 795 696 animis
812 686 826 707 ,
850 648 1020 711 Appius
1036 682 1050 705 ,
1070 645 1180 693 vitae
1201 660 1403 693 metuens
1419 680 1435 704 ,

132 729 179 776 in
205 729 393 775 domum
418 726 459 773 se
484 726 790 789 propinquam
814 723 921 769 foro
937 759 950 780 ,
971 721 1120 769 insciis
1145 721 1438 778 adversariis,

133 803 284 865 capite
314 800 577 858 obvoluto,
599 798 785 861 recepit.
836 798 910 860 Sp.
940 795 1147 859 Oppius,
1178 808 1231 842 ut
1264 795 1439 857 auxilio

135 877 325 940 collegae
355 874 491 931 esset,
527 873 575 918 in
608 872 760 918 forum
793 888 850 917 ex
884 870 1020 917 altera
1056 882 1181 933 parte
1215 869 1440 932 irrumpit*

136 949 264 997 'videt
298 947 540 1010 imperium
562 946 609 994 vi
630 945 815 993 vietum.
851 943 1055 1007 Agitatus
1091 942 1252 989 deinzle
1285 943 1440 990 confl-

135 1018 208 1070 liis
225 1055 240 1078 ,
259 1034 392 1084 atque
413 1036 471 1065 ex
497 1019 626 1065 omni
650 1030 776 1080 parte
800 1016 1079 1063 assentiendo
1110 1015 1262 1062 multis
1284 1016 1444 1062 aufto-

138 1098 266 1145 ribus
293 1094 494 1157 trepidus
511 1127 524 1150 ‚
545 1091 746 1138 senatum
785 1089 1018 1154 postremo
1045 1089 1208 1136 vocari
1230 1087 1363 1150 juffit.
1393 1106 1447 1136 ea

139 1188 211 1218 res
229 1206 243 1228 ‚
269 1167 398 1232 quod
425 1182 598 1229 magnae
628 1164 742 1227 parti
774 1164 957 1210 Parrum
987 1161 1224 1225 displicere
1252 1163 1344 1210 aeia
1370 1163 1449 1210 devs

143 1243 456 1293 cemvirorum
478 1240 778 1297 videbantur,
797 1238 872 1302 spe
898 1256 978 1302 per
1008 1237 1210 1284 senatum
1236 1236 1448 1285 finienda:

142 1316 377 1382 potestatis
411 1313 506 1376 ejus
542 1312 882 1361 multitudinem
920 1311 1107 1358 sedavit.
1144 1311 1331 1358 Senatus
1360 1328 1448 1359 nec

142 1392 324 1456 plebem
362 1389 628 1437 irritandam
659 1387 865 1443 censuit;
901 1388 952 1433 ὅ(
978 1386 1124 1432 multo
1158 1385 1298 1449 magis
1332 1402 1450 1448 pro-

145 1464 422 1520 videndum,
450 1479 507 1509 ne
542 1462 655 1527 quid
682 1461 880 1526 Virginii
911 1460 1132 1509 adventus
1161 1459 1209 1505 in
1245 1459 1452 1507 exercitu

145 1549 299 1586 motus
326 1544 508 1584 taceret.

214 1614 264 1658 L.
299 1612 453 1673 Itaque
486 1607 601 1655 miffi
626 1605 831 1668 juniores
864 1608 1046 1654 Parrum
1075 1605 1121 1651 in
1155 1599 1316 1665 castra,
1347 1622 1452 1671 quae

147 1699 248 1734 tum
276 1685 324 1731 in
352 1695 510 1731 monte
531 1682 714 1730 Vecilio
741 1695 895 1740 erant,
917 1682 1127 1729 nuntiant
1153 1682 1423 1730 decemviris
1439 1715 1456 1740 ,

149 1778 199 1808 m
228 1763 345 1806 omni
370 1778 443 1820 ope
467 1760 521 1804 ab
541 1758 751 1819 seditione
774 1760 926 1803 milites
949 1760 1203 1803 contineant.
1246 1757 1324 1802 ubi
1349 1756 1458 1801 Vir-
1500 1756 1506 1759 ’

151 1834 302 1897 ginius
334 1831 556 1893 majorem
574 1864 588 1887 ‚
606 1846 743 1893 quam
772 1828 1015 1894 reliquerat
1042 1828 1088 1875 in
1117 1828 1257 1888 urbe,
1275 1841 1458 1876 motum

155 1905 347 1952 excivit.
368 1904 510 1961 Nam,
529 1914 829 1965 praeterquam
849 1902 975 1965 quod
992 1900 1168 1965 agmine
1187 1917 1332 1964 prope
1349 1919 1459 1966 qua-

156 1979 506 2043 dringentorum
526 1975 766 2022 hominum
785 1976 996 2032 veniens,
1011 1975 1090 2039 qui
1107 1976 1163 2023 ab
1185 1977 1296 2023 urbe
1314 1976 1460 2040 indig-

157 2054 298 2103 nitate
316 2050 383 2097 rei
400 2047 574 2096 accensi
596 2049 787 2096 comites
809 2050 850 2097 ei
872 2049 914 2096 se
936 2050 1177 2110 dederant,
1197 2051 1464 2115 conspectus

157 2126 254 2184 est3
283 2125 482 2196 striftum
507 2123 642 2170 etiam
667 2123 805 2170 telum
832 2137 989 2171 tenens
1007 2161 1022 2181 ,
1039 2123 1346 2189 respersusque
1371 2125 1464 2188 ipse

159 2217 351 2254 cruore,
372 2211 471 2246 tota
501 2199 547 2244 in
581 2197 622 2245 se
651 2199 791 2246 castra
831 2200 1079 2246 convertit.
1116 2200 1166 2247 &
1191 2210 1312 2262 togae
1347 2198 1469 2245 mul-

159 2273 358 2321 tifariam
392 2275 440 2320 in
477 2272 627 2320 castris
652 2272 783 2331 visae,
812 2272 998 2333 majoris
1041 2272 1302 2336 aliquant0‚
1330 2289 1468 2336 quam

163 2358 285 2404 erat,
309 2346 506 2410 speciem
534 2347 716 2393 urbanae
737 2346 1042 2394 multitudinis
1071 2345 1283 2393 fecerant.
1321 2347 1467 2406 Quae-

162 2421 394 2479 rentibus,
426 2424 530 2482 quid
549 2423 605 2468 rei
630 2419 752 2484 effic,
773 2419 885 2467 flens
910 2421 987 2466 diu
1009 2437 1175 2470 vocem
1199 2417 1305 2466 non'
1324 2418 1470 2466 misit}

165 2495 348 2542 tandem
363 2530 377 2552 ‚
398 2507 448 2540 ut
468 2493 557 2556 jam
577 2510 634 2541 ex
654 2493 959 2559 trepidatione
980 2492 1357 2542 concurrentium
1377 2507 1470 2539 tur·-

239 2571 293 2617 T.
318 2572 412 2616 ιῑν.
437 2573 535 2618 Vol.-
563 2572 602 2619 J.
1113 2568 1162 2627 Q
