1690 2881
1307 164 1364 196 111

69 328 326 404 TITI
387 329 696 405 LIVII
771 322 1368 412 PATAVINI

393 513 478 603 V
594 513 636 600 I
752 514 834 602 T
958 518 1045 605 A

101 726 154 772 A.
177 723 379 772 JACOBO
401 723 647 769 Pmmppo
671 723 959 770 TOMAsmo
985 731 1386 777 CONSCRIPTA.*.

82 841 252 957 ΈΤΙ
283 911 469 958 LIVII
503 912 851 957 PATAVINI
891 903 1031 966 civis,
1065 909 1116 956 &
1148 906 1372 958 Historici

69 992 441 1055 praestantiffimi,
460 993 537 1056 qui
561 1006 629 1040 r‘es
651 992 788 1057 gestas
812 992 1130 1039 Romanorum
1151 992 1373 1056 eloquen-

69 1076 130 1122 tia
178 1074 291 1122 mira
334 1076 540 1140 digeffit,
575 1078 747 1141 effigiem
781 1090 1054 1123 veneramur
1090 1075 1180 1122 hoc
1219 1075 1331 1123 loco
1352 1095 1372 1132 3

70 1175 262 1223 quaeque
295 1158 349 1205 de
377 1157 459 1205 illo
489 1168 786 1205 monumenta
814 1158 972 1221 paffim
1003 1170 1184 1205 exarata
1211 1157 1376 1224 legun-

70 1257 168 1301 tur,
192 1240 474 1306 colligimus,
503 1254 553 1288 ut
578 1253 776 1289 amantes
804 1240 1018 1288 Historiae
1035 1278 1048 1300 ,
1075 1242 1127 1290 &
1152 1243 1374 1307 Antiqui-

70 1325 171 1372 tatis
193 1324 400 1382 stuffiofi,
431 1324 599 1388 quique
625 1342 720 1372 uno
747 1323 914 1371 intuitu
940 1323 1127 1372 salutare
1157 1326 1376 1386 eandem,

71 1407 273 1471 tantique
303 1404 395 1456 viri
426 1406 647 1465 virtutes,
668 1409 719 1455 &
744 1404 937 1471 gloriam
966 1407 1165 1454 aemulari
1187 1406 1374 1472 poffint.

70 1490 222 1536 Vitam
244 1486 337 1554 ejus
357 1492 407 1538 &
429 1491 595 1538 decora
619 1490 799 1553 plurimi
818 1490 1018 1555 tetigere.
1049 1491 1374 1556 Unusquisque

70 1574 116 1618 in
147 1590 205 1620 eo
231 1568 500 1621 celebrando
534 1572 680 1621 secum
701 1575 750 1622 δέ
770 1591 872 1621 cum
897 1573 994 1622 aliis
1027 1586 1181 1622 certat.
1219 1571 1376 1623 Latini

70 1654 380 1721 Germanique
401 1652 643 1720 scriptores
664 1673 822 1704 omnes
840 1655 1108 1721 singularem
1128 1656 1245 1704 illius
1266 1675 1376 1721 prae-

70 1740 276 1787 stantiam
307 1737 599 1788 admirantur.
632 1738 794 1786 Nullus
814 1739 875 1785 est
892 1776 907 1799 ‚
927 1756 1061 1803 quem
1086 1739 1297 1787 diffionis
1316 1740 1393 1806 il—-

70 1820 155 1869 lius
186 1822 357 1871 candor
386 1841 438 1872 ac
471 1818 603 1887 lepor
630 1838 726 1869 non
756 1820 802 1868 in
833 1821 897 1869 sui
923 1821 1374 1870 commendationem

72 1906 122 1952 ὃς
149 1921 353 1954 amorem
384 1906 524 1970 rapiat
551 1907 628 1954 vel
657 1905 870 1955 invitum.
912 1907 1010 1970 Ego
1039 1905 1168 1963 sane,
1192 1905 1270 1952 etfi
1298 1922 1375 1953 me

72 1985 140 2033 bae
163 2005 352 2053 quoque
382 1990 552 2036 deliciae
583 1996 799 2051 tangant,
821 2004 976 2034 amore
1003 1989 1159 2051 patria:
1187 1989 1374 2048 duffihm,

74 2070 147 2116 cui
179 2082 306 2118 natus
332 2071 574 2119 historicus
598 2071 699 2117 talis
731 2083 784 2117 ac
814 2083 989 2130 tantus,
1013 2071 1219 2119 felicibus
1249 2071 1372 2119 hisce

73 2154 353 2217 temporibus
368 2191 384 2214 ,
406 2155 567 2220 quibus
580 2189 595 2214 ,
614 2155 683 2202 Te
706 2153 819 2201 duce
840 2154 890 2201 &
911 2153 1116 2217 auspice,
1136 2154 1375 2201 illustriffi-

130 2310 153 2332 ⁸
192 2309 273 2364 Jac.
301 2311 468 2366 Philippi
494 2308 690 2356 Tomafini
757 2315 889 2366 figuris
906 2315 1019 2354 aencis
1038 2316 1233 2354 adornata.
1254 2315 1368 2354 Amst.

81 2368 255 2419 Episcopi
288 2369 540 2410 AEmonienfis
578 2370 692 2410 Titus
758 2369 986 2421 Sumptibus
998 2371 1115 2412 Andr.
1127 2369 1244 2410 Fristi.
1262 2370 1378 2418 1670·

78 2422 206 2463 Livius
232 2424 444 2464 Patavinus.
475 2425 603 2464 Editio
625 2437 691 2463 no·
760 2424 818 2465 16.

80 2476 224 2516 villima
241 2508 252 2527 ,
271 2480 380 2518 austa
393 2510 406 2526 ,
424 2479 628 2519 emendata
652 2481 690 2519 δι’

144 2543 194 2587 Τ.
217 2543 311 2591 Liv.
334 2547 431 2590 Vol.
454 2545 494 2590 I<
1059 2555 1083 2585 ²
