1582 2793
175 223 265 281 184
523 222 1092 271 TITILIVII

168 329 347 392 erupit;
372 331 421 377 &
437 365 450 389 ‚
471 347 572 378 cum
593 331 796 395 persequi
823 333 966 395 posset
983 370 995 391 ‚
1019 345 1140 380 metu
1162 333 1349 382 substitit
1369 372 1381 394 ‚
1401 353 1456 384 ne

170 419 286 465 qua,
313 420 370 449 ex
399 418 524 467 parte
557 405 717 463 altera,
750 404 797 450 in
827 405 963 452 castra
996 407 1062 454 vis
1096 406 1234 454 fieret.
1278 408 1457 457 Furium

170 477 370 539 legatum
402 476 568 542 (frater
599 477 714 523 idern
749 476 950 523 consulis
973 478 1096 542 erat)
1132 479 1312 543 longius
1333 493 1458 527 extu-

169 550 223 597 lit
246 550 425 598 cursus:
452 568 535 622 nec
554 550 656 597 suos
679 550 753 596 ille
775 550 1032 609 redeuntes,
1061 552 1353 617 persequendi
1372 553 1461 601 stu·

170 624 276 681 dio,
313 641 461 689 neque
499 623 699 671 hostium
730 623 785 670 ab
815 637 942 686 tergo
977 625 1203 671 incursum
1234 626 1361 672 vidit.
1399 626 1461 673 ita

168 699 402 756 exclusus,
435 697 587 745 multis
616 697 730 759 saepe
751 695 907 742 frustra
931 696 1170 743 conatibus
1196 698 1337 760 captis
1359 734 1373 756 ‚
1407 713 1459 745 ut

171 772 294 819 viam
328 772 406 818 fibi
439 772 494 819 ad
531 770 669 818 castra
708 769 875 816 faceret
895 805 908 827 ‚
943 770 1106 817 acriter
1137 770 1353 818 dimicans
1382 789 1460 818 ce-

173 843 297 891 cidit.
329 847 384 890 Et
414 842 606 901 consul,
640 842 803 888 nuntio
830 842 1134 889 circumventi
1163 843 1311 890 fratris
1344 860 1461 890 con-

171 917 328 964 versus
358 918 413 964 ad
444 934 640 981 pugnam
666 954 679 973 ‚
709 917 816 962 dum
852 915 893 962 se
923 928 1091 962 temere
1127 918 1294 980 magis,
1329 935 1461 981 quam

173 989 274 1037 satis
302 1001 458 1047 caute,
493 989 539 1035 in
567 989 759 1036 mediam
789 989 1127 1036 dimicationem
1160 989 1325 1047 infert,
1355 990 1464 1037 vul-

172 1080 282 1110 nere
309 1074 498 1126 accepto
513 1098 527 1121 ,
558 1079 674 1126 aegre
694 1063 748 1109 ab
769 1062 1156 1110 circumstantibus
1176 1078 1378 1126 ereptus,
1408 1064 1460 1110 &

175 1135 362 1182 suorum
393 1136 569 1182 animos
598 1134 830 1193 turbavit,
857 1138 907 1183 &
933 1135 1181 1183 ferociores
1212 1135 1361 1183 hostes
1393 1135 1462 1182 fe-

175 1212 254 1258 cit.
294 1212 399 1275 qui,
431 1211 551 1258 caede
584 1210 715 1273 legati
748 1212 798 1257 &
837 1209 1033 1257 consulis
1052 1210 1239 1258 vulnere
1264 1210 1466 1268 accensi,

174 1285 300 1331 nulla
331 1284 491 1331 deinde
517 1283 566 1332 vi
585 1283 785 1330 sustineri
806 1295 1021 1346 potuere,
1055 1300 1155 1330 cum
1176 1283 1395 1346 compulsi
1417 1283 1465 1330 in

177 1356 316 1403 castra
343 1357 541 1404 Romani
575 1356 724 1404 rursus
757 1357 1100 1414 obsiderentur,
1135 1372 1217 1403 nec
1247 1355 1320 1418 spe
1338 1391 1352 1414 ,
1383 1372 1467 1403 nec

176 1430 354 1477 viribus
382 1446 521 1491 pares.
550 1429 829 1494 venissetque
857 1429 904 1475 in
928 1428 1176 1492 periculum
1203 1427 1369 1475 summa
1388 1445 1465 1475 re-

177 1520 274 1549 rum
290 1540 305 1562 ‚
334 1503 380 1548 ni
398 1503 454 1550 T.
475 1503 715 1562 Quinctius
745 1502 988 1566 peregrinis
1009 1502 1155 1564 copiis
1175 1518 1275 1548 cum
1297 1501 1462 1549 Latino

176 1575 470 1638 Hernicoque
495 1574 696 1621 exercitu
715 1573 997 1622 subvenisset.
1026 1575 1089 1631 Is,
1107 1573 1306 1619 intentos
1328 1572 1374 1617 in
1392 1589 1464 1619 ca-

178 1646 265 1694 stra
282 1648 488 1694 Romana
505 1648 676 1710 AEquos
694 1646 917 1710 legatique
936 1658 1070 1707 caput
1088 1644 1302 1691 ferociter
1318 1644 1464 1690 osten-

177 1731 324 1767 tantes
356 1722 411 1767 ab
436 1734 563 1783 tergo
589 1721 774 1767 adortus
790 1757 804 1778 ‚
825 1720 950 1766 fimul
971 1719 1026 1765 ad
1045 1719 1214 1782 signum
1243 1735 1266 1764 a
1291 1716 1332 1763 se
1351 1733 1463 1780 pro·-

185 1793 259 1838 cul
277 1793 445 1839 editum
466 1809 521 1839 ex
543 1792 692 1840 castris
715 1792 953 1854 eruptione
978 1790 1089 1837 facta
1104 1825 1116 1848 ,
1144 1806 1345 1853 magnam
1370 1789 1466 1835 v'im

180 1865 376 1913 hostium
397 1867 717 1914 circumvenit.
757 1867 915 1913 Minor
944 1866 1113 1923 caedes‚
1150 1863 1252 1927 fuga
1286 1861 1468 1909 effufior

184 1941 440 2003 AEquorum
469 1942 515 1987 in
547 1956 656 2003 agro
688 1939 772 1987 fuit
794 1941 1022 1986 Romano.
1055 1937 1101 1983 in
1129 1953 1246 1999 quos
1269 1934 1470 1998 palatos,

183 2016 382 2075 praedam
418 2027 624 2078 agentes,
656 2012 907 2061 Postumius
930 2011 1105 2075 aliquot
1133 2010 1275 2066 locis,
1306 2007 1469 2071 quibus

185 2101 446 2148 opportuna
475 2086 746 2150 imposuerat
768 2085 966 2149 praesidia
981 2121 996 2142 ,
1023 2084 1238 2146 impetum
1267 2081 1400 2129 dedit.
1439 2079 1469 2126 ii

184 2160 317 2223 vagi,
340 2161 544 2222 diflipato
564 2160 739 2224 agmine
759 2158 1002 2223 fugientes,
1018 2157 1062 2204 in
1083 2156 1350 2217 Quinctium
1372 2154 1471 2201 vic-

184 2244 360 2290 torem,
385 2249 486 2279 cum
515 2232 666 2280 saucio
691 2232 873 2279 consule
904 2242 1232 2286 revertentem,
1255 2228 1467 2276 incidere.

185 2304 305 2350 Tum
342 2302 588 2351 consularis
624 2305 846 2351 exercitus
876 2303 1053 2367 egregia
1087 2319 1237 2365 pugna
1275 2300 1471 2348 consulis

188 2377 382 2434 vulnus,
403 2377 533 2440 legati
553 2379 602 2425 &
621 2377 885 2424 cohortium
911 2377 1030 2422 ultus
1060 2375 1119 2422 est
1139 2376 1320 2422 caedem.
1348 2392 1470 2438 mag-

190 2466 259 2495 nae
296 2451 442 2496 clades
472 2451 594 2497 ultro
632 2450 837 2512 citroque
868 2449 954 2495 illis
986 2449 1141 2495 diebus
1175 2451 1225 2494 ὃ(
1255 2447 1385 2493 illatae
1420 2448 1472 2493 δε

186 2535 399 2588 acceptat.
426 2523 628 2573 Difficile
661 2523 717 2570 ad
745 2521 878 2570 fidem
899 2521 962 2570 est
988 2521 1035 2570 in
1065 2537 1154 2570 tam
1179 2522 1362 2585 antiqua
1392 2537 1436 2568 re
1455 2555 1470 2579 ‚

1575 302 1580 318 c„
1562 159 1580 289 „azy-42
1552 0 1578 155 *22:2⁴⁵ss
