<?xml version="1.0" encoding="UTF-8"?>
<!DOCTYPE html PUBLIC "-//W3C//DTD XHTML 1.0 Transitional//EN"
    "http://www.w3.org/TR/xhtml1/DTD/xhtml1-transitional.dtd">
<html xmlns="http://www.w3.org/1999/xhtml" xml:lang="en" lang="en">
 <head>
  <title>
</title>
<meta http-equiv="Content-Type" content="text/html;charset=utf-8" />
  <meta name='ocr-system' content='tesseract 3.04.00' />
  <meta name='ocr-capabilities' content='ocr_page ocr_carea ocr_par ocr_line ocrx_word'/>
</head>
<body>
  <div class='ocr_page' id='page_1' title='image "./historiarumlibri01livyuoft_0283.png"; bbox 0 0 1582 2793; ppageno 0'>
   <div class='ocr_carea' id='block_1_1' title="bbox 293 124 1366 190">
    <p class='ocr_par' dir='ltr' id='par_1_1' title="bbox 293 124 1366 190">
     <span class='ocr_line' id='line_1_1' title="bbox 293 124 1366 190; baseline 0.004 -20"><span class='ocrx_word' id='word_1_1' title='bbox 293 124 1169 173; x_wconf 66' lang='lat' dir='ltr'>HISTORIARUMLIB.11.</span> <span class='ocrx_word' id='word_1_2' title='bbox 1278 142 1366 190; x_wconf 69' lang='grc' dir='ltr'><strong>ιη)</strong></span> 
     </span>
    </p>
   </div>
   <div class='ocr_carea' id='block_1_2' title="bbox 75 230 1428 2424">
    <p class='ocr_par' dir='ltr' id='par_1_2' title="bbox 76 230 1375 1247">
     <span class='ocr_line' id='line_1_2' title="bbox 77 230 1368 296; baseline 0.002 -17"><span class='ocrx_word' id='word_1_3' title='bbox 77 232 295 296; x_wconf 88' lang='lat' dir='ltr'><strong>nicosque</strong></span> <span class='ocrx_word' id='word_1_4' title='bbox 317 248 471 295; x_wconf 82' lang='lat' dir='ltr'><strong>parare</strong></span> <span class='ocrx_word' id='word_1_5' title='bbox 498 230 667 277; x_wconf 82' lang='lat' dir='ltr'><strong>bellum</strong></span> <span class='ocrx_word' id='word_1_6' title='bbox 696 232 929 278; x_wconf 85' lang='lat' dir='ltr'><strong>Romanis.</strong></span> <span class='ocrx_word' id='word_1_7' title='bbox 966 234 1119 280; x_wconf 86' lang='lat' dir='ltr'><strong>Relata</strong></span> <span class='ocrx_word' id='word_1_8' title='bbox 1149 251 1198 282; x_wconf 90' lang='lat' dir='ltr'><strong>re</strong></span> <span class='ocrx_word' id='word_1_9' title='bbox 1223 235 1278 282; x_wconf 90' lang='lat' dir='ltr'><strong>ad</strong></span> <span class='ocrx_word' id='word_1_10' title='bbox 1306 235 1368 282; x_wconf 84' lang='lat' dir='ltr'><strong>se-</strong></span> 
     </span>
     <span class='ocr_line' id='line_1_3' title="bbox 76 304 1371 372; baseline 0.002 -20"><span class='ocrx_word' id='word_1_11' title='bbox 76 318 262 364; x_wconf 86' lang='lat' dir='ltr'><strong>natum,</strong></span> <span class='ocrx_word' id='word_1_12' title='bbox 294 306 407 353; x_wconf 82' lang='lat' dir='ltr'><strong>adeo</strong></span> <span class='ocrx_word' id='word_1_13' title='bbox 439 304 522 350; x_wconf 88' lang='lat' dir='ltr'><strong>fuit</strong></span> <span class='ocrx_word' id='word_1_14' title='bbox 543 318 718 367; x_wconf 80' lang='lat' dir='ltr'><strong>gratum</strong></span> <span class='ocrx_word' id='word_1_15' title='bbox 746 305 976 363; x_wconf 87' lang='lat' dir='ltr'><strong>Patribus,</strong></span> <span class='ocrx_word' id='word_1_16' title='bbox 1006 319 1056 352; x_wconf 93' lang='lat' dir='ltr'><strong>ut</strong></span> <span class='ocrx_word' id='word_1_17' title='bbox 1084 310 1133 354; x_wconf 88' lang='lat'><strong>&amp;</strong></span> <span class='ocrx_word' id='word_1_18' title='bbox 1162 308 1371 372; x_wconf 83' lang='lat' dir='ltr'><strong>captivo-</strong></span> 
     </span>
     <span class='ocr_line' id='line_1_4' title="bbox 77 379 1369 440; baseline 0.002 -14"><span class='ocrx_word' id='word_1_19' title='bbox 77 397 179 426; x_wconf 61' lang='lat' dir='ltr'><strong>rum</strong></span> <span class='ocrx_word' id='word_1_20' title='bbox 209 380 282 427; x_wconf 84' lang='lat' dir='ltr'><strong>sex</strong></span> <span class='ocrx_word' id='word_1_21' title='bbox 315 379 451 426; x_wconf 85' lang='lat' dir='ltr'><strong>millia</strong></span> <span class='ocrx_word' id='word_1_22' title='bbox 473 379 642 426; x_wconf 85' lang='lat' dir='ltr'><strong>Latinis</strong></span> <span class='ocrx_word' id='word_1_23' title='bbox 673 379 976 436; x_wconf 78' lang='lat' dir='ltr'><strong>remitterent,</strong></span> <span class='ocrx_word' id='word_1_24' title='bbox 1012 382 1062 427; x_wconf 72' lang='grc' dir='ltr'><strong>δε</strong></span> <span class='ocrx_word' id='word_1_25' title='bbox 1089 383 1141 428; x_wconf 87' lang='lat' dir='ltr'><strong>de</strong></span> <span class='ocrx_word' id='word_1_26' title='bbox 1170 382 1369 440; x_wconf 75' lang='lat' dir='ltr'><strong>foedere,</strong></span> 
     </span>
     <span class='ocr_line' id='line_1_5' title="bbox 79 450 1372 516; baseline 0.002 -18"><span class='ocrx_word' id='word_1_27' title='bbox 79 453 205 516; x_wconf 91' lang='lat' dir='ltr'><strong>quod</strong></span> <span class='ocrx_word' id='word_1_28' title='bbox 228 469 370 515; x_wconf 89' lang='lat' dir='ltr'><strong>prope</strong></span> <span class='ocrx_word' id='word_1_29' title='bbox 393 452 438 498; x_wconf 87' lang='lat' dir='ltr'><strong>in</strong></span> <span class='ocrx_word' id='word_1_30' title='bbox 470 464 735 515; x_wconf 86' lang='lat' dir='ltr'><strong>perpetuum</strong></span> <span class='ocrx_word' id='word_1_31' title='bbox 758 464 967 516; x_wconf 88' lang='lat' dir='ltr'><strong>negatum</strong></span> <span class='ocrx_word' id='word_1_32' title='bbox 985 450 1129 498; x_wconf 86' lang='lat' dir='ltr'><strong>fuerat</strong></span> <span class='ocrx_word' id='word_1_33' title='bbox 1150 489 1163 511; x_wconf 83' lang='lat'><strong>,</strong></span> <span class='ocrx_word' id='word_1_34' title='bbox 1189 471 1282 500; x_wconf 90' lang='lat' dir='ltr'><strong>rem</strong></span> <span class='ocrx_word' id='word_1_35' title='bbox 1316 453 1372 500; x_wconf 87' lang='lat' dir='ltr'><strong>ad</strong></span> 
     </span>
     <span class='ocr_line' id='line_1_6' title="bbox 77 523 1371 589; baseline -0.001 -16"><span class='ocrx_word' id='word_1_36' title='bbox 77 543 231 574; x_wconf 86' lang='lat' dir='ltr'><strong>novos</strong></span> <span class='ocrx_word' id='word_1_37' title='bbox 254 526 526 589; x_wconf 83' lang='lat' dir='ltr'><strong>magistratus</strong></span> <span class='ocrx_word' id='word_1_38' title='bbox 551 524 801 586; x_wconf 85' lang='lat' dir='ltr'><strong>rejicerent.</strong></span> <span class='ocrx_word' id='word_1_39' title='bbox 838 523 1088 571; x_wconf 82' lang='lat' dir='ltr'><strong>Enimvero</strong></span> <span class='ocrx_word' id='word_1_40' title='bbox 1118 537 1214 571; x_wconf 90' lang='lat' dir='ltr'><strong>tum</strong></span> <span class='ocrx_word' id='word_1_41' title='bbox 1247 528 1371 572; x_wconf 86' lang='lat' dir='ltr'><strong>Lati-</strong></span> 
     </span>
     <span class='ocr_line' id='line_1_7' title="bbox 78 597 1371 662; baseline 0.001 -18"><span class='ocrx_word' id='word_1_42' title='bbox 78 599 127 644; x_wconf 87' lang='lat' dir='ltr'><strong>ni</strong></span> <span class='ocrx_word' id='word_1_43' title='bbox 160 598 350 662; x_wconf 86' lang='lat' dir='ltr'><strong>gaudere</strong></span> <span class='ocrx_word' id='word_1_44' title='bbox 388 598 530 655; x_wconf 52' lang='lat' dir='ltr'><strong>fitero,</strong></span> <span class='ocrx_word' id='word_1_45' title='bbox 566 598 686 661; x_wconf 84' lang='lat' dir='ltr'><strong>pacis</strong></span> <span class='ocrx_word' id='word_1_46' title='bbox 709 599 911 644; x_wconf 64' lang='lat' dir='ltr'><strong>aurftores</strong></span> <span class='ocrx_word' id='word_1_47' title='bbox 941 597 987 642; x_wconf 89' lang='lat' dir='ltr'><strong>in</strong></span> <span class='ocrx_word' id='word_1_48' title='bbox 1015 597 1188 661; x_wconf 84' lang='lat' dir='ltr'><strong>ingenti</strong></span> <span class='ocrx_word' id='word_1_49' title='bbox 1226 599 1371 661; x_wconf 72' lang='lat' dir='ltr'><strong>gloria</strong></span> 
     </span>
     <span class='ocr_line' id='line_1_8' title="bbox 82 670 1371 732; baseline -0.001 -14"><span class='ocrx_word' id='word_1_50' title='bbox 82 671 180 719; x_wconf 81' lang='lat' dir='ltr'><strong>effe.</strong></span> <span class='ocrx_word' id='word_1_51' title='bbox 218 674 454 719; x_wconf 80' lang='lat' dir='ltr'>Coronam</span> <span class='ocrx_word' id='word_1_52' title='bbox 487 689 663 719; x_wconf 83' lang='lat' dir='ltr'><strong>auream</strong></span> <span class='ocrx_word' id='word_1_53' title='bbox 684 671 791 719; x_wconf 83' lang='lat' dir='ltr'><strong>Jovi</strong></span> <span class='ocrx_word' id='word_1_54' title='bbox 821 671 995 717; x_wconf 88' lang='lat' dir='ltr'><strong>donum</strong></span> <span class='ocrx_word' id='word_1_55' title='bbox 1019 670 1066 717; x_wconf 87' lang='lat' dir='ltr'><strong>in</strong></span> <span class='ocrx_word' id='word_1_56' title='bbox 1087 671 1371 732; x_wconf 73' lang='lat' dir='ltr'>Capitolium</span> 
     </span>
     <span class='ocr_line' id='line_1_9' title="bbox 80 745 1371 809; baseline -0.002 -16"><span class='ocrx_word' id='word_1_57' title='bbox 80 746 280 794; x_wconf 87' lang='lat' dir='ltr'><strong>mittunt.</strong></span> <span class='ocrx_word' id='word_1_58' title='bbox 338 764 440 793; x_wconf 91' lang='lat' dir='ltr'><strong>cum</strong></span> <span class='ocrx_word' id='word_1_59' title='bbox 480 746 631 809; x_wconf 73' lang='lat' dir='ltr'><strong>legatis</strong></span> <span class='ocrx_word' id='word_1_60' title='bbox 671 745 889 809; x_wconf 88' lang='lat' dir='ltr'><strong>donoque</strong></span> <span class='ocrx_word' id='word_1_61' title='bbox 913 781 927 804; x_wconf 93' lang='lat'><strong>,</strong></span> <span class='ocrx_word' id='word_1_62' title='bbox 965 745 1045 808; x_wconf 90' lang='lat' dir='ltr'><strong>qui</strong></span> <span class='ocrx_word' id='word_1_63' title='bbox 1078 745 1371 807; x_wconf 86' lang='lat' dir='ltr'><strong>captivorum</strong></span> 
     </span>
     <span class='ocr_line' id='line_1_10' title="bbox 81 818 1372 882; baseline -0.002 -16"><span class='ocrx_word' id='word_1_64' title='bbox 81 819 242 866; x_wconf 76' lang='lat' dir='ltr'><strong>remissi</strong></span> <span class='ocrx_word' id='word_1_65' title='bbox 273 820 327 867; x_wconf 91' lang='lat' dir='ltr'><strong>ad</strong></span> <span class='ocrx_word' id='word_1_66' title='bbox 358 819 460 866; x_wconf 85' lang='lat' dir='ltr'><strong>suos</strong></span> <span class='ocrx_word' id='word_1_67' title='bbox 497 820 700 876; x_wconf 86' lang='lat' dir='ltr'><strong>fuerant,</strong></span> <span class='ocrx_word' id='word_1_68' title='bbox 731 836 891 882; x_wconf 79' lang='lat' dir='ltr'><strong>magna</strong></span> <span class='ocrx_word' id='word_1_69' title='bbox 921 818 1183 866; x_wconf 77' lang='lat' dir='ltr'><strong>circumfusa</strong></span> <span class='ocrx_word' id='word_1_70' title='bbox 1216 819 1372 864; x_wconf 88' lang='lat' dir='ltr'><strong>multi-</strong></span> 
     </span>
     <span class='ocr_line' id='line_1_11' title="bbox 83 891 1372 955; baseline -0.001 -17"><span class='ocrx_word' id='word_1_71' title='bbox 83 893 197 938; x_wconf 87' lang='lat' dir='ltr'><strong>tudo</strong></span> <span class='ocrx_word' id='word_1_72' title='bbox 237 892 378 938; x_wconf 85' lang='lat' dir='ltr'><strong>venit.</strong></span> <span class='ocrx_word' id='word_1_73' title='bbox 421 894 617 955; x_wconf 89' lang='lat' dir='ltr'><strong>Pergunt</strong></span> <span class='ocrx_word' id='word_1_74' title='bbox 652 891 815 937; x_wconf 85' lang='lat' dir='ltr'><strong>domos</strong></span> <span class='ocrx_word' id='word_1_75' title='bbox 850 908 1009 938; x_wconf 91' lang='lat' dir='ltr'><strong>eorum</strong></span> <span class='ocrx_word' id='word_1_76' title='bbox 1032 928 1046 950; x_wconf 85' lang='lat'><strong>,</strong></span> <span class='ocrx_word' id='word_1_77' title='bbox 1086 892 1204 954; x_wconf 87' lang='lat' dir='ltr'><strong>apud</strong></span> <span class='ocrx_word' id='word_1_78' title='bbox 1236 909 1372 954; x_wconf 88' lang='lat' dir='ltr'><strong>quem</strong></span> 
     </span>
     <span class='ocr_line' id='line_1_12' title="bbox 82 964 1375 1028; baseline 0 -19"><span class='ocrx_word' id='word_1_79' title='bbox 82 964 271 1028; x_wconf 89' lang='lat' dir='ltr'><strong>quisque</strong></span> <span class='ocrx_word' id='word_1_80' title='bbox 294 964 561 1011; x_wconf 75' lang='lat' dir='ltr'><strong>servierant:</strong></span> <span class='ocrx_word' id='word_1_81' title='bbox 588 964 746 1028; x_wconf 85' lang='lat' dir='ltr'><strong>gratias</strong></span> <span class='ocrx_word' id='word_1_82' title='bbox 766 976 931 1027; x_wconf 82' lang='lat' dir='ltr'><strong>agunt,</strong></span> <span class='ocrx_word' id='word_1_83' title='bbox 957 965 1201 1011; x_wconf 85' lang='lat' dir='ltr'><strong>liberaliter</strong></span> <span class='ocrx_word' id='word_1_84' title='bbox 1230 964 1375 1011; x_wconf 83' lang='lat' dir='ltr'><strong>habiti</strong></span> 
     </span>
     <span class='ocr_line' id='line_1_13' title="bbox 84 1036 1375 1102; baseline -0.001 -17"><span class='ocrx_word' id='word_1_85' title='bbox 84 1038 284 1101; x_wconf 88' lang='lat' dir='ltr'><strong>cultique</strong></span> <span class='ocrx_word' id='word_1_86' title='bbox 316 1037 363 1084; x_wconf 90' lang='lat' dir='ltr'><strong>in</strong></span> <span class='ocrx_word' id='word_1_87' title='bbox 393 1037 643 1086; x_wconf 79' lang='lat' dir='ltr'><strong>calamitate</strong></span> <span class='ocrx_word' id='word_1_88' title='bbox 675 1036 761 1083; x_wconf 90' lang='lat' dir='ltr'><strong>sua.</strong></span> <span class='ocrx_word' id='word_1_89' title='bbox 806 1037 910 1084; x_wconf 89' lang='lat' dir='ltr'><strong>inde</strong></span> <span class='ocrx_word' id='word_1_90' title='bbox 941 1037 1134 1101; x_wconf 85' lang='lat' dir='ltr'><strong>hospitia</strong></span> <span class='ocrx_word' id='word_1_91' title='bbox 1164 1037 1375 1102; x_wconf 81' lang='lat' dir='ltr'><strong>jungunt.</strong></span> 
     </span>
     <span class='ocr_line' id='line_1_14' title="bbox 84 1111 1372 1175; baseline 0.002 -20"><span class='ocrx_word' id='word_1_92' title='bbox 84 1112 329 1173; x_wconf 82' lang='lat' dir='ltr'><strong>Nunquam</strong></span> <span class='ocrx_word' id='word_1_93' title='bbox 358 1111 464 1158; x_wconf 87' lang='lat' dir='ltr'><strong>alias</strong></span> <span class='ocrx_word' id='word_1_94' title='bbox 492 1129 594 1158; x_wconf 87' lang='lat' dir='ltr'><strong>ante</strong></span> <span class='ocrx_word' id='word_1_95' title='bbox 623 1111 801 1173; x_wconf 89' lang='lat' dir='ltr'><strong>publice</strong></span> <span class='ocrx_word' id='word_1_96' title='bbox 830 1111 1134 1175; x_wconf 87' lang='lat' dir='ltr'><strong>privatimque</strong></span> <span class='ocrx_word' id='word_1_97' title='bbox 1161 1112 1372 1159; x_wconf 85' lang='lat' dir='ltr'><strong>Latinum</strong></span> 
     </span>
     <span class='ocr_line' id='line_1_15' title="bbox 83 1184 1138 1247; baseline 0.001 -16"><span class='ocrx_word' id='word_1_98' title='bbox 83 1200 255 1231; x_wconf 84' lang='lat' dir='ltr'><strong>nomen</strong></span> <span class='ocrx_word' id='word_1_99' title='bbox 273 1185 485 1231; x_wconf 82' lang='lat' dir='ltr'><strong>Romano</strong></span> <span class='ocrx_word' id='word_1_100' title='bbox 510 1185 702 1247; x_wconf 85' lang='lat' dir='ltr'><strong>imperio</strong></span> <span class='ocrx_word' id='word_1_101' title='bbox 730 1184 1014 1247; x_wconf 70' lang='lat' dir='ltr'><strong>conjunffius</strong></span> <span class='ocrx_word' id='word_1_102' title='bbox 1038 1185 1138 1232; x_wconf 88' lang='lat' dir='ltr'><strong>fuit.</strong></span> 
     </span>
    </p>

    <p class='ocr_par' dir='ltr' id='par_1_3' title="bbox 75 1257 1428 2424">
     <span class='ocr_line' id='line_1_16' title="bbox 150 1257 1374 1317; baseline 0.001 -13"><span class='ocrx_word' id='word_1_103' title='bbox 150 1258 314 1304; x_wconf 79' lang='lat' dir='ltr'>XXIII.</span> <span class='ocrx_word' id='word_1_104' title='bbox 330 1258 415 1304; x_wconf 87' lang='lat' dir='ltr'><strong>Sed</strong></span> <span class='ocrx_word' id='word_1_105' title='bbox 435 1260 483 1305; x_wconf 66' lang='grc' dir='ltr'><strong>ὃ(</strong></span> <span class='ocrx_word' id='word_1_106' title='bbox 501 1257 667 1317; x_wconf 88' lang='lat' dir='ltr'><strong>bellum</strong></span> <span class='ocrx_word' id='word_1_107' title='bbox 687 1257 905 1305; x_wconf 88' lang='lat' dir='ltr'><strong>Volscum</strong></span> <span class='ocrx_word' id='word_1_108' title='bbox 927 1258 1214 1317; x_wconf 80' lang='lat' dir='ltr'><strong>imminebat,</strong></span> <span class='ocrx_word' id='word_1_109' title='bbox 1239 1260 1288 1306; x_wconf 88' lang='lat'>&amp;</span> <span class='ocrx_word' id='word_1_110' title='bbox 1310 1258 1374 1305; x_wconf 89' lang='lat' dir='ltr'><strong>ci-</strong></span> 
     </span>
     <span class='ocr_line' id='line_1_17' title="bbox 85 1329 1374 1393; baseline 0.001 -17"><span class='ocrx_word' id='word_1_111' title='bbox 85 1330 236 1388; x_wconf 87' lang='lat' dir='ltr'><strong>vitas,</strong></span> <span class='ocrx_word' id='word_1_112' title='bbox 274 1330 419 1379; x_wconf 71' lang='lat' dir='ltr'><strong>tecum</strong></span> <span class='ocrx_word' id='word_1_113' title='bbox 456 1329 547 1393; x_wconf 88' lang='lat' dir='ltr'><strong>ipsa</strong></span> <span class='ocrx_word' id='word_1_114' title='bbox 580 1330 783 1389; x_wconf 84' lang='lat' dir='ltr'><strong>discors,</strong></span> <span class='ocrx_word' id='word_1_115' title='bbox 821 1331 1035 1378; x_wconf 84' lang='lat' dir='ltr'><strong>intestino</strong></span> <span class='ocrx_word' id='word_1_116' title='bbox 1071 1332 1188 1378; x_wconf 90' lang='lat' dir='ltr'><strong>inter</strong></span> <span class='ocrx_word' id='word_1_117' title='bbox 1223 1332 1374 1378; x_wconf 87' lang='lat' dir='ltr'><strong>Patres</strong></span> 
     </span>
     <span class='ocr_line' id='line_1_18' title="bbox 84 1403 1375 1468; baseline 0 -19"><span class='ocrx_word' id='word_1_118' title='bbox 84 1404 354 1468; x_wconf 84' lang='lat' dir='ltr'><strong>plebemque</strong></span> <span class='ocrx_word' id='word_1_119' title='bbox 380 1403 588 1468; x_wconf 84' lang='lat' dir='ltr'><strong>flagrabat</strong></span> <span class='ocrx_word' id='word_1_120' title='bbox 615 1404 726 1451; x_wconf 88' lang='lat' dir='ltr'><strong>odio</strong></span> <span class='ocrx_word' id='word_1_121' title='bbox 744 1441 758 1461; x_wconf 90' lang='lat'>‚</span> <span class='ocrx_word' id='word_1_122' title='bbox 791 1405 984 1451; x_wconf 83' lang='lat' dir='ltr'><strong>maxime</strong></span> <span class='ocrx_word' id='word_1_123' title='bbox 1011 1416 1198 1467; x_wconf 86' lang='lat' dir='ltr'><strong>propter</strong></span> <span class='ocrx_word' id='word_1_124' title='bbox 1228 1419 1375 1450; x_wconf 84' lang='lat' dir='ltr'><strong>nexos</strong></span> 
     </span>
     <span class='ocr_line' id='line_1_19' title="bbox 85 1476 1374 1542; baseline 0.001 -18"><span class='ocrx_word' id='word_1_125' title='bbox 85 1479 149 1524; x_wconf 90' lang='lat' dir='ltr'><strong>ob</strong></span> <span class='ocrx_word' id='word_1_126' title='bbox 168 1494 225 1524; x_wconf 84' lang='lat' dir='ltr'><strong>aes</strong></span> <span class='ocrx_word' id='word_1_127' title='bbox 246 1478 454 1525; x_wconf 85' lang='lat' dir='ltr'><strong>alienum.</strong></span> <span class='ocrx_word' id='word_1_128' title='bbox 482 1480 743 1526; x_wconf 84' lang='lat' dir='ltr'><strong>Fremebant</strong></span> <span class='ocrx_word' id='word_1_129' title='bbox 758 1516 772 1538; x_wconf 87' lang='lat'><strong>,</strong></span> <span class='ocrx_word' id='word_1_130' title='bbox 791 1481 841 1541; x_wconf 67' lang='lat' dir='ltr'><strong>se</strong></span> <span class='ocrx_word' id='word_1_131' title='bbox 858 1516 872 1536; x_wconf 90' lang='lat'>‚</span> <span class='ocrx_word' id='word_1_132' title='bbox 891 1481 1008 1540; x_wconf 81' lang='lat' dir='ltr'><strong>foris</strong></span> <span class='ocrx_word' id='word_1_133' title='bbox 1024 1499 1102 1542; x_wconf 88' lang='lat' dir='ltr'><strong>pro</strong></span> <span class='ocrx_word' id='word_1_134' title='bbox 1123 1482 1306 1526; x_wconf 74' lang='lat' dir='ltr'><strong>libertate</strong></span> <span class='ocrx_word' id='word_1_135' title='bbox 1328 1476 1374 1525; x_wconf 66' lang='grc' dir='ltr'><strong>ὃ*</strong></span> 
     </span>
     <span class='ocr_line' id='line_1_20' title="bbox 85 1552 1378 1616; baseline 0 -18"><span class='ocrx_word' id='word_1_136' title='bbox 85 1555 258 1613; x_wconf 82' lang='lat' dir='ltr'><strong>imperio</strong></span> <span class='ocrx_word' id='word_1_137' title='bbox 283 1555 556 1609; x_wconf 82' lang='lat' dir='ltr'><strong>dimicantes,</strong></span> <span class='ocrx_word' id='word_1_138' title='bbox 591 1557 708 1599; x_wconf 81' lang='lat' dir='ltr'><strong>domi</strong></span> <span class='ocrx_word' id='word_1_139' title='bbox 737 1573 763 1599; x_wconf 87' lang='lat' dir='ltr'><strong>a</strong></span> <span class='ocrx_word' id='word_1_140' title='bbox 791 1557 952 1601; x_wconf 81' lang='lat' dir='ltr'><strong>civibus</strong></span> <span class='ocrx_word' id='word_1_141' title='bbox 981 1572 1123 1616; x_wconf 80' lang='lat' dir='ltr'><strong>captos</strong></span> <span class='ocrx_word' id='word_1_142' title='bbox 1150 1552 1192 1600; x_wconf 64' lang='grc' dir='ltr'><strong>δ’</strong></span> <span class='ocrx_word' id='word_1_143' title='bbox 1212 1553 1378 1614; x_wconf 78' lang='lat' dir='ltr'><strong>oppres-</strong></span> 
     </span>
     <span class='ocr_line' id='line_1_21' title="bbox 75 1623 1380 1689; baseline 0.001 -19"><span class='ocrx_word' id='word_1_144' title='bbox 75 1626 155 1687; x_wconf 87' lang='lat' dir='ltr'><strong>sos</strong></span> <span class='ocrx_word' id='word_1_145' title='bbox 184 1623 254 1689; x_wconf 71' lang='lat' dir='ltr'><em>ff</em></span> <span class='ocrx_word' id='word_1_146' title='bbox 270 1645 291 1681; x_wconf 89' lang='lat'><strong>,·</strong></span> <span class='ocrx_word' id='word_1_147' title='bbox 324 1629 585 1687; x_wconf 82' lang='lat' dir='ltr'><strong>tutioremque</strong></span> <span class='ocrx_word' id='word_1_148' title='bbox 615 1630 661 1672; x_wconf 76' lang='lat' dir='ltr'><strong>in</strong></span> <span class='ocrx_word' id='word_1_149' title='bbox 696 1630 831 1686; x_wconf 81' lang='lat' dir='ltr'><strong>bello,</strong></span> <span class='ocrx_word' id='word_1_150' title='bbox 871 1647 994 1689; x_wconf 84' lang='lat' dir='ltr'><strong>quam</strong></span> <span class='ocrx_word' id='word_1_151' title='bbox 1026 1631 1072 1674; x_wconf 84' lang='lat' dir='ltr'><strong>in</strong></span> <span class='ocrx_word' id='word_1_152' title='bbox 1096 1646 1200 1688; x_wconf 82' lang='lat' dir='ltr'><strong>pace</strong></span> <span class='ocrx_word' id='word_1_153' title='bbox 1221 1662 1236 1683; x_wconf 92' lang='lat'><strong>,</strong></span> <span class='ocrx_word' id='word_1_154' title='bbox 1273 1630 1380 1672; x_wconf 75' lang='lat' dir='ltr'><strong>inter</strong></span> 
     </span>
     <span class='ocr_line' id='line_1_22' title="bbox 75 1697 1374 1765; baseline -0.002 -21"><span class='ocrx_word' id='word_1_155' title='bbox 75 1699 243 1765; x_wconf 79' lang='lat' dir='ltr'><strong>Jzostes,</strong></span> <span class='ocrx_word' id='word_1_156' title='bbox 264 1717 386 1760; x_wconf 83' lang='lat' dir='ltr'><strong>quam</strong></span> <span class='ocrx_word' id='word_1_157' title='bbox 416 1701 523 1744; x_wconf 73' lang='lat' dir='ltr'><strong>incer</strong></span> <span class='ocrx_word' id='word_1_158' title='bbox 547 1702 685 1755; x_wconf 77' lang='lat' dir='ltr'><strong>cives,</strong></span> <span class='ocrx_word' id='word_1_159' title='bbox 712 1703 935 1746; x_wconf 72' lang='lat' dir='ltr'><strong>libertatem</strong></span> <span class='ocrx_word' id='word_1_160' title='bbox 951 1703 1088 1762; x_wconf 76' lang='lat' dir='ltr'><strong>plebis</strong></span> <span class='ocrx_word' id='word_1_161' title='bbox 1117 1697 1202 1763; x_wconf 78' lang='lat' dir='ltr'><strong>effi.</strong></span> <span class='ocrx_word' id='word_1_162' title='bbox 1251 1698 1374 1744; x_wconf 86' lang='lat' dir='ltr'><strong>invi·</strong></span> 
     </span>
     <span class='ocr_line' id='line_1_23' title="bbox 88 1771 1378 1837; baseline 0.001 -19"><span class='ocrx_word' id='word_1_163' title='bbox 88 1771 298 1835; x_wconf 85' lang='lat' dir='ltr'><strong>diamque</strong></span> <span class='ocrx_word' id='word_1_164' title='bbox 317 1788 414 1818; x_wconf 89' lang='lat' dir='ltr'><strong>eam</strong></span> <span class='ocrx_word' id='word_1_165' title='bbox 431 1807 445 1829; x_wconf 89' lang='lat'>‚</span> <span class='ocrx_word' id='word_1_166' title='bbox 463 1771 536 1819; x_wconf 90' lang='lat' dir='ltr'><strong>sua</strong></span> <span class='ocrx_word' id='word_1_167' title='bbox 556 1771 716 1835; x_wconf 84' lang='lat' dir='ltr'><strong>sponte</strong></span> <span class='ocrx_word' id='word_1_168' title='bbox 738 1773 997 1837; x_wconf 88' lang='lat' dir='ltr'><strong>gliscentem</strong></span> <span class='ocrx_word' id='word_1_169' title='bbox 1009 1810 1022 1831; x_wconf 89' lang='lat'><strong>,</strong></span> <span class='ocrx_word' id='word_1_170' title='bbox 1039 1772 1226 1836; x_wconf 84' lang='lat' dir='ltr'><strong>insignis</strong></span> <span class='ocrx_word' id='word_1_171' title='bbox 1243 1771 1378 1819; x_wconf 83' lang='lat' dir='ltr'><strong>unius</strong></span> 
     </span>
     <span class='ocr_line' id='line_1_24' title="bbox 77 1844 1379 1910; baseline -0.001 -18"><span class='ocrx_word' id='word_1_172' title='bbox 77 1844 311 1892; x_wconf 85' lang='lat' dir='ltr'><strong>-calamitas</strong></span> <span class='ocrx_word' id='word_1_173' title='bbox 342 1846 562 1892; x_wconf 83' lang='lat' dir='ltr'><strong>accendit.</strong></span> <span class='ocrx_word' id='word_1_174' title='bbox 599 1848 772 1910; x_wconf 86' lang='lat' dir='ltr'><strong>Magno</strong></span> <span class='ocrx_word' id='word_1_175' title='bbox 796 1859 902 1892; x_wconf 87' lang='lat' dir='ltr'><strong>natu</strong></span> <span class='ocrx_word' id='word_1_176' title='bbox 933 1847 1114 1909; x_wconf 88' lang='lat' dir='ltr'><strong>quidam</strong></span> <span class='ocrx_word' id='word_1_177' title='bbox 1143 1862 1246 1892; x_wconf 90' lang='lat' dir='ltr'><strong>cum</strong></span> <span class='ocrx_word' id='word_1_178' title='bbox 1273 1860 1379 1891; x_wconf 88' lang='lat' dir='ltr'><strong>om-</strong></span> 
     </span>
     <span class='ocr_line' id='line_1_25' title="bbox 90 1918 1384 1984; baseline 0 -19"><span class='ocrx_word' id='word_1_179' title='bbox 90 1919 216 1965; x_wconf 89' lang='lat' dir='ltr'><strong>nium</strong></span> <span class='ocrx_word' id='word_1_180' title='bbox 240 1918 461 1965; x_wconf 88' lang='lat' dir='ltr'><strong>malorum</strong></span> <span class='ocrx_word' id='word_1_181' title='bbox 483 1918 663 1965; x_wconf 84' lang='lat' dir='ltr'><strong>suorum</strong></span> <span class='ocrx_word' id='word_1_182' title='bbox 684 1920 930 1984; x_wconf 75' lang='lat' dir='ltr'><strong>insignibus</strong></span> <span class='ocrx_word' id='word_1_183' title='bbox 959 1919 1001 1966; x_wconf 93' lang='lat' dir='ltr'><strong>se</strong></span> <span class='ocrx_word' id='word_1_184' title='bbox 1029 1921 1075 1966; x_wconf 89' lang='lat' dir='ltr'><strong>in</strong></span> <span class='ocrx_word' id='word_1_185' title='bbox 1095 1919 1248 1966; x_wconf 86' lang='lat' dir='ltr'><strong>forum</strong></span> <span class='ocrx_word' id='word_1_186' title='bbox 1276 1935 1384 1982; x_wconf 85' lang='lat' dir='ltr'><strong>pro-</strong></span> 
     </span>
     <span class='ocr_line' id='line_1_26' title="bbox 88 1988 1428 2057; baseline -0.001 -17"><span class='ocrx_word' id='word_1_187' title='bbox 88 1991 208 2056; x_wconf 80' lang='lat' dir='ltr'><strong>jecit.</strong></span> <span class='ocrx_word' id='word_1_188' title='bbox 254 1993 396 2040; x_wconf 79' lang='lat' dir='ltr'><strong>obsita</strong></span> <span class='ocrx_word' id='word_1_189' title='bbox 424 2006 513 2040; x_wconf 87' lang='lat' dir='ltr'><strong>erat</strong></span> <span class='ocrx_word' id='word_1_190' title='bbox 537 1992 742 2057; x_wconf 86' lang='lat' dir='ltr'><strong>squalore</strong></span> <span class='ocrx_word' id='word_1_191' title='bbox 772 1993 934 2051; x_wconf 88' lang='lat' dir='ltr'><strong>vestis,</strong></span> <span class='ocrx_word' id='word_1_192' title='bbox 963 1993 1138 2040; x_wconf 88' lang='lat' dir='ltr'><strong>foedior</strong></span> <span class='ocrx_word' id='word_1_193' title='bbox 1175 1994 1386 2056; x_wconf 85' lang='lat' dir='ltr'><strong>corporis</strong></span> <span class='ocrx_word' id='word_1_194' title='bbox 1426 1988 1428 1990; x_wconf 53' lang='grc'>’</span> 
     </span>
     <span class='ocr_line' id='line_1_27' title="bbox 90 2067 1383 2131; baseline -0.001 -17"><span class='ocrx_word' id='word_1_195' title='bbox 90 2067 268 2115; x_wconf 89' lang='lat' dir='ltr'><strong>habitus</strong></span> <span class='ocrx_word' id='word_1_196' title='bbox 292 2068 465 2130; x_wconf 86' lang='lat' dir='ltr'><strong>pallore</strong></span> <span class='ocrx_word' id='word_1_197' title='bbox 492 2086 542 2115; x_wconf 90' lang='lat' dir='ltr'><strong>ac</strong></span> <span class='ocrx_word' id='word_1_198' title='bbox 562 2068 702 2115; x_wconf 89' lang='lat' dir='ltr'><strong>macie</strong></span> <span class='ocrx_word' id='word_1_199' title='bbox 722 2069 924 2130; x_wconf 61' lang='lat' dir='ltr'><strong>peremth</strong></span> <span class='ocrx_word' id='word_1_200' title='bbox 952 2069 1024 2114; x_wconf 86' lang='lat' dir='ltr'><strong>Ad</strong></span> <span class='ocrx_word' id='word_1_201' title='bbox 1047 2069 1135 2115; x_wconf 80' lang='lat' dir='ltr'><strong>hoc</strong></span> <span class='ocrx_word' id='word_1_202' title='bbox 1154 2104 1167 2126; x_wconf 86' lang='lat'>‚</span> <span class='ocrx_word' id='word_1_203' title='bbox 1191 2067 1383 2131; x_wconf 84' lang='lat' dir='ltr'><strong>promis-</strong></span> 
     </span>
     <span class='ocr_line' id='line_1_28' title="bbox 92 2140 1387 2204; baseline 0.001 -17"><span class='ocrx_word' id='word_1_204' title='bbox 92 2141 134 2188; x_wconf 85' lang='lat' dir='ltr'><strong>sa</strong></span> <span class='ocrx_word' id='word_1_205' title='bbox 155 2142 289 2188; x_wconf 85' lang='lat' dir='ltr'><strong>barba</strong></span> <span class='ocrx_word' id='word_1_206' title='bbox 310 2142 360 2188; x_wconf 92' lang='lat'>&amp;</span> <span class='ocrx_word' id='word_1_207' title='bbox 389 2141 539 2203; x_wconf 89' lang='lat' dir='ltr'><strong>capilli</strong></span> <span class='ocrx_word' id='word_1_208' title='bbox 557 2141 854 2188; x_wconf 86' lang='lat' dir='ltr'><strong>efferaverant</strong></span> <span class='ocrx_word' id='word_1_209' title='bbox 872 2140 1065 2204; x_wconf 89' lang='lat' dir='ltr'><strong>speciem</strong></span> <span class='ocrx_word' id='word_1_210' title='bbox 1087 2142 1195 2188; x_wconf 88' lang='lat' dir='ltr'><strong>oris.</strong></span> <span class='ocrx_word' id='word_1_211' title='bbox 1220 2140 1387 2188; x_wconf 88' lang='lat' dir='ltr'><strong>Nosci-</strong></span> 
     </span>
     <span class='ocr_line' id='line_1_29' title="bbox 88 2213 1391 2279; baseline -0.002 -18"><span class='ocrx_word' id='word_1_212' title='bbox 88 2215 268 2262; x_wconf 25' lang='lat' dir='ltr'><strong>rtabatur</strong></span> <span class='ocrx_word' id='word_1_213' title='bbox 284 2226 434 2261; x_wconf 86' lang='lat' dir='ltr'><strong>tamen</strong></span> <span class='ocrx_word' id='word_1_214' title='bbox 453 2214 499 2260; x_wconf 88' lang='lat' dir='ltr'><strong>in</strong></span> <span class='ocrx_word' id='word_1_215' title='bbox 519 2226 640 2261; x_wconf 86' lang='lat' dir='ltr'><strong>tanta</strong></span> <span class='ocrx_word' id='word_1_216' title='bbox 658 2213 966 2274; x_wconf 87' lang='lat' dir='ltr'><strong>deformitate,</strong></span> <span class='ocrx_word' id='word_1_217' title='bbox 980 2217 1028 2263; x_wconf 86' lang='lat'>&amp;</span> <span class='ocrx_word' id='word_1_218' title='bbox 1047 2214 1231 2279; x_wconf 77' lang='lat' dir='ltr'><strong>ordines</strong></span> <span class='ocrx_word' id='word_1_219' title='bbox 1249 2213 1391 2260; x_wconf 80' lang='lat' dir='ltr'><strong>duxis-</strong></span> 
     </span>
     <span class='ocr_line' id='line_1_30' title="bbox 92 2285 1393 2351; baseline 0.001 -19"><span class='ocrx_word' id='word_1_220' title='bbox 92 2285 136 2333; x_wconf 88' lang='lat' dir='ltr'><strong>se</strong></span> <span class='ocrx_word' id='word_1_221' title='bbox 169 2285 372 2347; x_wconf 78' lang='lat' dir='ltr'><strong>ajebant‚</strong></span> <span class='ocrx_word' id='word_1_222' title='bbox 407 2287 585 2351; x_wconf 85' lang='lat' dir='ltr'><strong>aliaque</strong></span> <span class='ocrx_word' id='word_1_223' title='bbox 603 2288 777 2334; x_wconf 63' lang='lat' dir='ltr'><strong>militiae</strong></span> <span class='ocrx_word' id='word_1_224' title='bbox 799 2289 963 2335; x_wconf 86' lang='lat' dir='ltr'><strong>decora</strong></span> <span class='ocrx_word' id='word_1_225' title='bbox 982 2288 1151 2351; x_wconf 82' lang='lat' dir='ltr'><strong>vulgo,</strong></span> <span class='ocrx_word' id='word_1_226' title='bbox 1179 2288 1393 2334; x_wconf 87' lang='lat' dir='ltr'><strong>miseran-</strong></span> 
     </span>
     <span class='ocr_line' id='line_1_31' title="bbox 93 2360 1394 2424; baseline 0 -17"><span class='ocrx_word' id='word_1_227' title='bbox 93 2374 160 2408; x_wconf 86' lang='lat' dir='ltr'><strong>tes</strong></span> <span class='ocrx_word' id='word_1_228' title='bbox 186 2371 319 2418; x_wconf 86' lang='lat' dir='ltr'><strong>eum,</strong></span> <span class='ocrx_word' id='word_1_229' title='bbox 348 2360 583 2422; x_wconf 61' lang='lat' dir='ltr'><strong>jactabant.</strong></span> <span class='ocrx_word' id='word_1_230' title='bbox 618 2361 738 2424; x_wconf 82' lang='lat' dir='ltr'><strong>ipse,</strong></span> <span class='ocrx_word' id='word_1_231' title='bbox 762 2361 892 2409; x_wconf 88' lang='lat' dir='ltr'><strong>testes</strong></span> <span class='ocrx_word' id='word_1_232' title='bbox 909 2362 1195 2408; x_wconf 86' lang='lat' dir='ltr'><strong>honestarum</strong></span> <span class='ocrx_word' id='word_1_233' title='bbox 1216 2361 1394 2423; x_wconf 80' lang='lat' dir='ltr'><strong>aliquot</strong></span> 
     </span>
    </p>
   </div>
   <div class='ocr_carea' id='block_1_3' title="bbox 94 2434 1403 2567">
    <p class='ocr_par' dir='ltr' id='par_1_4' title="bbox 94 2434 1403 2567">
     <span class='ocr_line' id='line_1_32' title="bbox 94 2434 1403 2500; baseline 0.001 -20"><span class='ocrx_word' id='word_1_234' title='bbox 94 2434 209 2482; x_wconf 83' lang='lat' dir='ltr'><strong>locis</strong></span> <span class='ocrx_word' id='word_1_235' title='bbox 239 2451 531 2500; x_wconf 72' lang='lat' dir='ltr'><strong>pugnarum,</strong></span> <span class='ocrx_word' id='word_1_236' title='bbox 552 2435 782 2485; x_wconf 85' lang='lat' dir='ltr'><strong>cicatrices</strong></span> <span class='ocrx_word' id='word_1_237' title='bbox 812 2436 1002 2486; x_wconf 83' lang='lat' dir='ltr'><strong>adverso</strong></span> <span class='ocrx_word' id='word_1_238' title='bbox 1031 2439 1211 2498; x_wconf 71' lang='lat' dir='ltr'><strong>pectore</strong></span> <span class='ocrx_word' id='word_1_239' title='bbox 1243 2434 1403 2489; x_wconf 64' lang='lat' dir='ltr'><strong>osten-„-</strong></span> 
     </span>
     <span class='ocr_line' id='line_1_33' title="bbox 1026 2509 1138 2567; baseline -0.036 -11"><span class='ocrx_word' id='word_1_240' title='bbox 1026 2509 1072 2556; x_wconf 79' lang='lat' dir='ltr'>H</span> <span class='ocrx_word' id='word_1_241' title='bbox 1108 2527 1138 2567; x_wconf 65' lang='lat'>4</span> 
     </span>
    </p>
   </div>
  </div>
 </body>
</html>
