1582 2793
194 147 285 211 158
545 145 1107 199 T1T1L1vit

255 257 304 303 L.
332 254 500 302 Rursus
526 274 626 304 cum
655 258 799 305 Fabiis
827 273 920 306 erat
948 260 1127 321 Vejenti
1157 258 1334 326 populo
1352 299 1365 320 ‚
1390 259 1482 312 sine

185 331 284 378 ullo
313 331 497 394 majoris
523 333 628 379 belli
661 347 907 396 apparatu,
935 348 1161 382 certamen
1188 354 1198 383 τ
1241 354 1325 383 nec
1354 348 1482 384 erant

185 405 468 453 incursiones
486 407 627 453 modo
646 406 693 452 in
711 425 861 471 agros,
881 422 956 454 aut
974 410 1103 456 subiti
1122 411 1313 474 impetus
1329 410 1481 457 incur-

187 480 408 539 santium,
440 479 513 527 sed
553 477 792 543 aliquoties
830 498 963 544 aequo
1010 499 1172 546 campo
1215 483 1480 546 collatisque

187 554 322 618 signis
347 566 579 601 certatum.
622 553 820 617 gensque
841 571 931 600 una
951 556 1112 617 populi
1140 556 1336 603 Romani
1364 555 1479 618 saepe

185 643 246 673 ex
272 624 605 688 opulentiffima
623 660 635 682 ,
653 637 703 671 ut
726 638 821 671 tum
843 642 912 672 res
930 637 1084 683 erant,
1105 627 1288 674 Etrusca
1318 626 1478 675 civita·

186 710 232 744 te
259 698 497 744 vicloriam
516 697 632 743 tulit.
666 698 713 743 ld
743 697 893 760 primo
920 700 1129 746 acerbum
1152 700 1478 765 indignumque

184 770 455 833 Veientibus
472 770 630 817 visum.
658 769 761 816 inde
790 771 1026 818 confilium
1053 789 1109 818 ex
1133 789 1179 818 re
1208 784 1361 820 natum
1379 809 1392 832 ,
1410 774 1478 820 in-

182 844 303 890 fidiis
337 842 538 889 ferocem
584 842 758 888 hostem
793 845 999 907 captandi
1030 863 1041 891 x
1089 846 1280 909 gaudere
1309 847 1476 905 etiam,

183 917 331 963 multo
362 915 558 963 succeffu
580 915 721 962 Fabiis
744 917 977 964 audaciam
1005 918 1216 966 crescere.
1249 920 1404 984 Itaque
1427 922 1499 968 &-

183 1007 354 1051 pecora
389 988 693 1053 praedantibus
728 988 998 1052 aliquoties,
1019 991 1146 1038 velut
1166 991 1267 1040 casu
1294 993 1478 1056 incidis-

183 1066 306 1123 sent,
334 1064 520 1110 obviam
545 1062 667 1109 a&a:
707 1064 756 1110 &
789 1052 1026 1126 agrestium
1057 1064 1160 1129 fuga
1190 1060 1302 1112 vasti
1333 1054 1477 1113 reli'ffi

181 1138 308 1203 agris:
334 1138 384 1184 &
400 1119 602 1183 *subsidia
631 1131 907 1183 armatorum
922 1131 939 1195 ζ
957 1139 1012 1184 ad
1031 1139 1246 1187 arce'n'das
1277 1141 1477 1203 popula-

180 1211 330 1257 tiones
360 1208 510 1268 miffar,
531 1207 688 1271 saepius
719 1209 924 1256 fimulato
941 1247 955 1269 ,
975 1224 1109 1275 quam
1138 1230 1282 1273 vero,
1299 1229 1476 1277 pavore

179 1283 458 1347 refugerunt.
509 1283 693 1344 Jamque
732 1282 850 1328 Fabii
881 1283 997 1329 adeo
1023 1285 1356 1332 contemserant
1384 1286 1475 1332 ho-

179 1357 313 1414 stem,
336 1366 388 1402 ut
420 1354 496 1400 sua
522 1354 693 1401 invicta
723 1372 845 1402 arma
869 1373 1016 1420 neque
1048 1357 1158 1404 loco
1187 1375 1332 1422 neque
1362 1370 1475 1405 tem·

179 1446 295 1494 pore
326 1428 424 1475 ullo
457 1428 690 1475 crederent
708 1428 906 1476 sustineri
935 1430 1073 1493 posse.
1118 1432 1215 1479 haec
1245 1432 1341 1495 spes
1362 1448 1476 1495 pro-

180 1502 341 1560 vexit,
375 1513 426 1549 ut
455 1502 511 1548 ad
544 1502 782 1566 conspeEla
815 1503 982 1566 procul
1014 1522 1039 1550 a
1069 1506 1284 1552 Cremera
1310 1521 1476 1569 magno

179 1578 329 1641 campi
361 1576 607 1625 intervallo
644 1594 812 1641 pecora
831 1577 1123 1644 (quanquam
1151 1597 1247 1627 rara
1276 1579 1475 1626 hostium

177 1654 449 1718 apparebant
478 1652 628 1716 arma)
660 1653 961 1700 decurrerent.
1003 1655 1054 1700 &
1087 1669 1192 1700 cum
1224 1651 1473 1716 improvidi

144 1730 146 1733 ’
178 1729 323 1776 effuso
359 1727 493 1775 cursu
531 1728 710 1774 infidias
748 1727 869 1774 circa
900 1727 1042 1790 ipsum
1073 1726 1158 1774 iter
1196 1725 1365 1775 locatas
1398 1727 1473 1774 su-²

178 1802 428 1867 peraffent,
459 1800 692 1865 palatique
722 1801 876 1864 paffim
904 1818 1042 1864 vaga,
1060 1812 1110 1847 ut
1133 1799 1184 1847 fit
1205 1817 1377 1863 pavore
1399 1800 1473 1846 in-

176 1874 323 1938 jeElo,
355 1886 564 1938 raperent
593 1890 793 1936 pecora3
824 1873 973 1920 subito
1005 1891 1061 1920 ex
1091 1873 1256 1921 infidiis
1286 1872 1476 1921 consur-

178 1951 329 2015 gitur,
362 1950 413 1996 &
442 1948 616 1995 adversi
645 1950 695 1996 &
730 1949 930 2012 undique
963 1949 1114 1996 hostes
1144 1961 1281 1995 erant.
1317 1948 1472 1995 Primo

179 2024 353 2069 clamor
386 2021 674 2069 circumlatus
711 2022 959 2069 exterruit:
998 2023 1102 2069 dein
1129 2023 1218 2069 tela
1253 2023 1310 2069 ab
1341 2022 1473 2069 omni

178 2107 305 2159 parte
323 2095 597 2143 accidebant.
632 2095 986 2159 coeuntibusque
1005 2096 1223 2153 Etruscis,
1241 2095 1330 2158 jam
1351 2112 1470 2142 con-

175 2168 342 2216 tinenti
366 2170 542 2232 agmine
567 2183 846 2218 armatorum
875 2169 1011 2234 septi,
1031 2187 1124 2234 quo
1145 2170 1281 2233 magis
1311 2168 1353 2215 se
1377 2170 1470 2216 ho·-

177 2243 251 2289 stis
283 2242 528 2299 inferebat,
558 2245 839 2309 cogebantur
873 2244 1086 2293 breviore
1118 2244 1263 2308 spatio
1294 2246 1350 2292 &
1386 2243 1469 2307 ipsi

176 2317 337 2362 orbem
378 2317 605 2382 colligere.
655 2336 755 2381 quae
798 2335 867 2365 res
905 2320 956 2366 &
997 2319 1268 2382 paucitatem
1308 2336 1469 2367 eorum

177 2389 420 2449 iufigtnem,
441 2392 489 2438 &
507 2390 841 2437 multitudinem
862 2391 1151 2438 Etruscorum
1167 2429 1181 2450 ,
1200 2391 1470 2455 multiplica-

175 2462 232 2508 tis
262 2462 307 2508 in
339 2475 439 2510 arto
473 2463 710 2512 ordinibus
728 2500 743 2524 ,
771 2463 975 2513 faciebat.
1023 2466 1144 2512 Tum
1163 2501 1179 2526 ,
1201 2467 1356 2513 omissa
1387 2483 1469 2530 pu-
