1582 2793
281 161 871 211 HISTORIARUM
921 166 1048 211 [1113.
1092 166 1151 210 11.
1265 180 1343 211 121

72 271 141 336 agi
176 271 416 336 quidquam
451 287 530 334 per
562 269 910 333 infrequentiam
948 284 1124 332 poterat
1166 271 1355 322 senatuS.

72 349 190 394 Tum
224 363 338 393 vero
366 345 485 392 eludi
507 356 642 409 atque
669 343 911 390 extrahise
946 345 1188 391 inuititudo
1222 358 1355 408 puta-

72 438 152 476 rc;
182 424 256 479 &‚
284 423 460 467 Patrum
483 420 559 483 qui
583 420 809 476 abessent,
842 435 936 465 non
970 419 1098 475 casu,
1135 438 1229 467 non
1258 437 1355 467 me-

73 505 123 540 tu
143 530 156 549 ,
191 493 261 540 sed
290 493 585 556 impediendae
619 493 682 537 rei
709 491 835 538 causa
870 489 1040 546 nl)effe‚'
1070 493 1120 537 &
1151 492 1356 539 consules

72 565 194 628 ipsos
225 565 533 629 tergiversari;
571 581 652 611 nec
679 565 811 610 dubie
833 563 1028 608 ludibrio
1057 563 1138 609 effe
1165 564 1354 611 miserias

73 637 182 684 suas.
219 639 310 685 Jam
334 654 476 700 prope
498 649 587 682 erat
603 672 616 694 ‚
647 649 697 682 ut
723 653 776 682 ne
806 635 1040 682 consulum
1061 636 1239 698 quidem
1260 655 1356 683 ma-

72 710 200 773 jestas
223 724 454 759 coerceret
483 711 568 757 iras
594 711 859 758 hominum:
891 728 991 756 cum
1009 747 1023 765 ‚
1048 710 1235 767 incerti,
1257 728 1358 756 mo-

74 785 216 831 rando
239 821 252 841 ,
290 801 345 830 an
381 783 608 830 veniendo
625 819 638 839 ‚
669 783 769 846 plus
793 783 982 845 periculi
1008 782 1371 841 contraherent,

73 855 253 901 tandem
280 854 325 899 in
356 853 551 901 senatum
577 856 804 901 veniunt-r
834 854 1146 917 frequentique
1175 855 1356 902 tandem

76 927 234 983 curia,
265 942 359 971 non
390 926 532 972 modo
569 926 686 972 inter
711 928 856 972 Patres
875 962 887 983 ,
915 926 987 972 sed
1019 943 1074 972 ne
1103 926 1219 972 inter
1244 944 1360 974 con-

74 999 189 1048 sules
210 1000 389 1063 quidem
408 997 527 1061 ipsos
544 1034 557 1056 ,
587 997 686 1045 saris
711 998 1037 1046 conveniebat.·
1063 999 1258 1063 Appius,
1279 1018 1361 1048 ve-

73 1073 293 1119 hementis
325 1070 495 1135 ingenii
517 1071 590 1117 vir
610 1091 623 1127 ·,
646 1071 838 1133 imperio
868 1071 1090 1118 consulari
1110 1089 1200 1118 rem
1224 1089 1359 1136 agen-

75 1148 177 1193 dam
206 1145 441 1195 censebat:
476 1161 571 1192 uno
601 1157 676 1191 aut
708 1146 850 1192 altero
881 1157 1062 1207 arrepto
1081 1182 1094 1202 ‚
1123 1146 1358 1210 quieturos

74 1220 203 1267 alios.
237 1217 481 1276 Servilius,
510 1218 684 1264 lenibus
702 1218 909 1265 remediis
938 1219 1118 1281 aptior,
1151 1220 1359 1267 concita-

75 1306 149 1341 tos
169 1293 343 1340 animos
363 1291 502 1350 fleffl,
522 1308 658 1355 quam
677 1290 850 1357 frangi,
875 1293 1058 1354 putabat
1075 1310 1176 1340 cum
1196 1292 1360 1352 tutius,

75 1377 169 1411 tum
201 1363 376 1411 facilius
393 1363 492 1410 effe.
516 1382 539 1420 ψ

140 1438 310 1485 XXIV.
336 1439 453 1484 Inter
471 1436 571 1484 haec
591 1436 737 1499 major
758 1437 867 1484 alius
884 1449 1045 1486 terror.
1067 1438 1214 1486 Latini
1232 1437 1358 1503 equi-

76 1523 142 1558 tes
172 1528 273 1557 cum
304 1508 580 1558 tumultuoso
611 1511 830 1558 advolant
862 1511 1052 1557 nuntio:
1092 1513 1262 1573 Volscos
1291 1516 1358 1559 in-

68 1585 174 1649 sss‘)
195 1589 370 1632 exercitu
403 1589 462 1632 ad
484 1588 619 1632 urbem
639 1589 964 1648 oppugnandam
991 1590 1134 1631 venire.
1165 1601 1265 1648 quae
1281 1602 1359 1632 au-

78 1658 169 1704 dita
197 1656 341 1721 (adeo
373 1657 480 1704 duas
510 1673 566 1705 ex
596 1675 683 1705 una
707 1659 889 1706 civitate
919 1658 1135 1706 discordia
1157 1657 1358 1722 fecerat)

79 1731 218 1796 longe
253 1731 379 1778 aliter
405 1731 552 1778 Patres
587 1749 639 1779 ac
673 1732 849 1796 plebem
885 1732 1082 1779 affecere.
1128 1731 1359 1779 Exsultare

80 1803 244 1868 gaudio
274 1804 456 1866 plebes;
497 1809 645 1851 ultores
666 1806 868 1867 superbiae
901 1808 1077 1852 Parrum
1111 1803 1239 1869 adeffi
1287 1803 1359 1849 di-

79 1893 180 1924 cere
210 1879 346 1925 Deos.
376 1876 486 1924 alius
512 1877 650 1924 alium
680 1876 975 1936 confirmare,
1000 1897 1050 1923 ne
1077 1881 1252 1923 nomina
1280 1879 1358 1922 da-

81 1967 169 1997 rent
181 1967 197 1996 .·
220 1969 309 1996 cum
334 1953 527 2002 omnibus
538 1953 706 2011 potius,
724 1969 844 2011 quam
853 1951 972 2011 solos
980 1954 1197 2012 perituros.
1214 1953 1361 1996 Patres

81 2027 336 2081 militarent,
359 2027 505 2070 Patres
532 2043 650 2070 arma
678 2040 885 2085 caperent,
910 2042 957 2071 ut
970 2043 1099 2086 penes
1115 2025 1270 2085 eosdem
1282 2044 1358 2087 pe-

81 2102 213 2145 ricula
240 2101 367 2155 belli,
390 2115 516 2159 penes
543 2111 644 2159 quos
657 2102 854 2159 pravum,
883 2096 1016 2164 effint.
1050 2100 1111 2145 At
1136 2114 1251 2147 vero
1273 2115 1374 2146 etl-1
1410 2130 1413 2134 -

81 2171 174 2229 ria,
201 2170 358 2219 moesta
380 2187 433 2218 ac
463 2171 634 2234 trepida
659 2171 845 2234 ancipiti
874 2174 1066 2220 metu&
1087 2171 1143 2219 ab
1175 2172 1279 2219 cive
1307 2172 1361 2219 δε

81 2246 137 2294 ἰὼ
167 2245 316 2304 hoste,
347 2245 588 2292 Servilium
609 2245 869 2305 consulem,
904 2245 980 2293 cui
1007 2245 1235 2310 ingenium
1263 2261 1361 2291 ma·-

83 2317 149 2385 gis
175 2317 395 2380 populare
431 2330 545 2377 erat,
573 2334 731 2377 orare,
762 2331 810 2365 ut
838 2319 972 2367 tantis
1003 2319 1360 2367 circumventam

82 2390 329 2436 terroribus
366 2391 596 2453 expediret
629 2391 966 2454 rempublicam.
1014 2391 1133 2437 Tum
1171 2389 1361 2447 consul,

85 2461 213 2515 misso
233 2461 384 2513 senatu
396 2499 414 2526 ‚
432 2464 480 2512 in
491 2462 767 2514 'concionem
786 2465 953 2531 prodit.
973 2464 1038 2512 ibi
1059 2479 1176 2513 curae
1192 2462 1276 2511 effe
1291 2463 1361 2510 Pa·
