1582 2793
268 191 1135 240 HISTORIARUMLIB.11.
1276 209 1361 256 143

61 304 266 361 populari
304 304 415 347 hanc
459 317 606 346 terram
627 335 641 358 ‚
678 319 764 360 quae
803 316 839 345 te
873 304 1019 360 genuit
1056 318 1175 363 atque
1215 307 1326 349 aluit
1340 307 1368 349 ἓ

69 377 172 420 Non
203 378 309 433 tibi,
336 379 528 436 quamvis
557 375 704 442 infisto
734 377 880 419 animo
911 372 954 419 ὃ·
981 378 1142 421 minaci
1170 395 1368 437 pervene-

69 467 141 495 ras
159 485 174 506 9
206 453 454 511 ingredienti
471 452 585 510 fines
619 453 683 495 ira
717 451 898 494 cecidit?
928 468 1046 506 non,
1071 469 1162 496 cum
1188 455 1234 496 in
1268 471 1371 498 con·

57 525 202 586 speHu
229 526 370 570 Roma
387 525 757 585 fuit‚ficccurrit‚
788 527 899 570 intra
929 527 1005 569 illa
1034 528 1189 570 maenia
1221 530 1372 572 domus

68 616 120 644 ac
135 616 310 660 penates
338 603 417 645 mei
432 600 542 660 sicut
554 635 570 656 ,
602 616 760 656 mater,
789 600 975 656 conjux,
999 601 1189 659 liberique
1204 602 1228 644 ἓ
1255 603 1373 662 Ergo

69 689 143 733 ego
173 672 261 736 nisi
284 669 519 737 peperissi‘m
538 707 551 729 ‚
575 675 714 718 Roma
737 691 825 718 non
852 689 1160 734 oppugnaretur
1169 692 1190 727 ;
1210 674 1295 738 nisi
1309 677 1375 733 ji-

70 747 175 791 lium
194 748 404 802 haberem,
424 748 552 791 libera
572 749 618 791 in
642 748 769 791 libera
779 748 927 806 patria
949 761 1112 791 mortua
1130 742 1259 810 affini.
1288 751 1376 792 Sed

69 838 144 882 ego
174 823 290 867 m‘lzil
307 821 410 878 jam
425 824 523 882 pati
538 857 554 877 ‚
584 840 657 866 nec
683 823 762 866 tibi
781 825 945 881 turpius
969 839 1094 882 quam
1119 824 1227 867 mihi
1247 823 1376 880 mise-

71 897 160 940 rius
176 931 192 952 ,
214 892 379 958 pofficm
395 914 410 941 .·
434 914 506 940 nec
523 929 538 952 ,
557 894 695 959 utstm
724 896 954 956 miserrima
969 931 985 951 ‚
1007 898 1082 941 diu
1090 895 1245 954 futura
1259 896 1378 956 fimi.

72 971 150 1016 ΒΕ
178 971 244 1014 lzis
264 970 419 1014 videris
434 986 451 1014 .·
484 985 587 1028 quos
601 1003 616 1023 ,
635 967 835 1032 sipetgis
852 1003 868 1024 ‚
888 984 966 1013 aut
988 972 1217 1013 immatura
1235 986 1347 1014 mors
1360 1003 1381 1026 ,

72 1056 147 1086 aut
175 1044 304 1102 longa
317 1041 502 1101 servitus
519 1057 673 1086 manet.
704 1043 835 1087 Uxor
859 1040 1021 1088 deinde
1052 1059 1104 1089 ac
1135 1041 1263 1089 liberi
1284 1060 1381 1088 am-

74 1113 201 1177 plexi
219 1131 228 1160 :
260 1111 477 1177 fletusque
496 1113 552 1159 ab
575 1113 705 1160 omni
728 1114 859 1161 turba
878 1114 1124 1162 mulierum
1143 1128 1271 1163 ortus
1287 1153 1301 1173 ‚
1327 1117 1380 1163 δε

75 1185 387 1248 comploratio
415 1184 479 1232 sui
509 1185 783 1249 patriaeque,
815 1185 985 1248 fregere
1005 1184 1186 1232 tandem
1212 1186 1379 1235 virum.

76 1258 349 1322 complexus
379 1258 484 1306 inde
507 1259 611 1306 suos
637 1258 826 1304 dimittit
857 1275 869 1304 ε
906 1258 998 1321 ipse
1027 1271 1152 1305 retro
1180 1259 1236 1306 ab
1267 1262 1382 1307 urbe

75 1333 218 1380 castra
250 1333 413 1380 moxiit.
454 1331 673 1380 Abduffis
711 1331 872 1378 deinde
898 1331 1155 1397 legionibus
1181 1350 1239 1380 ex
1268 1351 1382 1398 agro

76 1407 294 1453 Romano
312 1442 326 1464 ‚
359 1404 539 1455 invidia
575 1407 642 1454 rei
675 1409 933 1471 oppreffum
962 1409 1140 1472 periiffe
1164 1411 1381 1469 tradunt3

77 1479 155 1525 alii
193 1479 285 1526 alio
312 1478 420 1527 let0.
458 1480 578 1543 apud
612 1481 828 1541 Fabium,
859 1482 995 1546 longe
1027 1483 1382 1546 antiquiffimum

76 1553 307 1600 auclorem
319 1590 332 1613 ,
345 1553 484 1618 usque
505 1555 561 1602 ad
581 1554 851 1603 senefflitem
866 1555 1026 1603 vixiffe
1044 1557 1238 1603 eundem
1256 1557 1383 1605 inve-

77 1628 175 1675 nio,
196 1628 355 1675 Refert
374 1642 494 1676 certe
514 1667 526 1688 ,
547 1630 665 1678 hanc
684 1630 799 1693 saepe
816 1648 918 1677 eum
937 1631 1092 1678 exacta
1113 1643 1242 1679 aetate
1257 1631 1386 1680 usur-

78 1703 197 1766 paffe
227 1720 395 1750 vocem
411 1740 425 1763 ,
457 1707 601 1751 Multo
619 1706 807 1766 miserius
822 1706 922 1766 fini
939 1705 1131 1770 exsilium
1151 1704 1236 1772 effe.
1270 1707 1383 1754 Non

78 1776 349 1824 inviderunt
366 1779 518 1826 laudes
535 1779 630 1827 suas
647 1780 908 1827 mulieribus
925 1780 1015 1829 viri
1030 1782 1244 1829 Romani.
1265 1784 1384 1830 adeo

79 1850 174 1898 fine
191 1852 524 1900 obtrectatione
549 1853 708 1917 gloriae
738 1853 896 1902 alienae
914 1855 1170 1904 vivebatur.
1210 1859 1385 1903 Monu-

79 1939 240 1974 mento
269 1944 455 1991 quoque
485 1930 611 1992 quod
640 1929 773 1988 effer,
805 1930 1023 1993 templum
1048 1933 1261 1978 Fortunae
1278 1933 1384 1979 Mu·

79 1999 212 2046 liebri
236 1999 506 2048 aedificatum
530 2002 875 2067 dedicatumque
895 1994 987 2108 εἴη
1009 2004 1199 2052 Rediere
1220 2005 1385 2052 deinde

81 2071 268 2131 Volsci,
289 2072 508 2136 adjunctis
530 2075 688 2139 AEquis
703 2112 717 2134 ‚
745 2075 792 2122 in
817 2093 971 2142 agrum
990 2078 1266 2126 Romanum.
1309 2078 1386 2126 sed

81 2146 217 2210 AEqui
235 2146 407 2193 Attium
421 2147 609 2194 Tullum
627 2148 747 2195 haud
763 2149 880 2197 ultra
900 2150 1044 2197 tulere
1062 2151 1241 2199 ducem.
1261 2152 1387 2199 Hinc

83 2238 143 2268 ex
175 2223 448 2280 certamine,
489 2222 649 2270 Volsci
681 2224 877 2288 AEquine
912 2225 1232 2288 imperatorem
1268 2242 1386 2272 con-

82 2294 240 2357 jun&o
260 2297 482 2345 exercitui
503 2297 686 2356 darent,
706 2298 866 2345 seditio
883 2335 896 2357 ‚
919 2299 1084 2346 deinde
1104 2312 1239 2346 atrox
1259 2316 1385 2361 proe-

84 2369 197 2416 lium
228 2383 394 2419 ortum.
427 2370 492 2418 Ibi
519 2371 705 2418 fortuna
733 2373 895 2437 populi
922 2374 1121 2421 Romani
1149 2375 1265 2421 duos
1292 2374 1386 2420 ho-

86 2442 218 2489 stium
245 2443 469 2490 exercitus
485 2480 499 2502 ‚
522 2444 643 2491 haud
668 2445 820 2493 minus
841 2446 1100 2509 pernicioso
1123 2463 1258 2509 quam
1280 2462 1386 2509 per-

86 2515 226 2566 tinaci
245 2518 520 2580 certamine,
544 2518 762 2572 confecit.
797 2521 1019 2571 Consules
1041 2523 1098 2571 T.
1118 2520 1312 2569 Sicinius
1333 2522 1385 2568 δε
