1582 2793
179 210 238 255 ’δι
531 207 1102 254 T1T1L1V11

178 329 277 366 tus,
307 310 488 375 juvenis
518 312 653 376 longe
683 312 795 358 alius
829 312 1048 374 ingeniO,
1080 329 1212 375 quam
1245 312 1371 375 cujtis
1407 312 1468 361 fi·-

178 387 472 434 mulationem
506 386 727 432 induerat.
766 388 802 430 Is
833 402 937 431 cum
976 386 1199 448 primores
1238 388 1465 448 civitatis,

175 459 221 506 in
242 460 401 522 quibus
432 459 614 506 fratrem
648 459 804 517 suum,
841 459 896 505 ab
924 461 1159 506 avunculo
1180 461 1464 507 interfcfilum

177 532 385 589 audiss‘et3
407 549 551 595 neque
572 531 618 576 in
642 532 796 577 animo
820 531 900 578 suo
927 533 1174 596 quidquam
1194 534 1286 597 regi
1304 535 1466 580 timen-

178 609 284 655 dum
302 644 315 668 ,
346 624 488 671 neque
508 606 553 652 in
582 605 767 652 fortuna
796 606 1210 668 concupiscendum
1236 609 1466 672 relinque-

176 698 224 727 re
245 680 419 737 statuit‚
451 690 776 740 contemnique
797 690 918 724 tutus
948 679 1059 736 effe,
1090 679 1168 724 ubi
1189 680 1237 725 in
1265 679 1361 742 jure
1380 699 1464 743 pa-

177 771 278 800 rum
310 751 499 815 praesidii
527 751 644 797 esset.
675 751 796 813 Ergo
817 767 874 796 ex
893 750 1109 796 industria
1130 750 1269 798 faetus
1290 753 1344 798 ad
1364 753 1465 799 imi-

176 828 394 875 tationem
422 825 616 871 stultitiae
633 861 647 882 ‚
678 841 781 871 cum
806 824 847 871 se
882 824 1045 888 suaque
1071 826 1234 888 praedae
1264 827 1348 874 effe
1367 829 1463 892 regi

177 903 363 958 smeret,
393 899 517 945 Bruti
549 915 732 962 quoque
762 898 880 944 haud
911 899 1068 944 abnuit
1098 915 1382 963 cognomen:
1414 914 1464 948 ut

180 976 258 1022 sub
291 973 387 1035 ejus
421 973 611 1019 obtentu
644 970 933 1034 cognominis
955 970 1170 1017 liberator
1195 972 1270 1018 ille
1302 974 1463 1037 populi

176 1046 375 1094 Romani
406 1044 578 1091 animus
602 1044 741 1090 latens
761 1044 1048 1106 opperiretur
1069 1056 1278 1105 tempora
1302 1043 1387 1092 sua.
1420 1049 1462 1093 Is

177 1135 272 1168 tum
301 1121 354 1165 ab
375 1117 632 1180 Tarquiniis
654 1116 809 1162 duetus
837 1115 1075 1177 Delphos,
1109 1116 1349 1162 ludibrium
1377 1134 1462 1164 ve-

178 1195 271 1241 rius
292 1229 306 1250 ‚
342 1208 475 1255 quam
509 1204 661 1236 comes
683 1223 698 1245 ,
739 1203 922 1234 aureum
961 1186 1173 1233 baculum
1193 1223 1208 1246 ,
1241 1188 1463 1237 inclusum

178 1281 351 1313 corneo
381 1275 544 1309 cavato
567 1261 621 1307 ad
646 1260 691 1307 id
723 1260 889 1307 baculo
909 1296 924 1319 ,
954 1258 1097 1305 tuliss'e
1126 1260 1298 1306 donum
1319 1262 1462 1323 Apol-

178 1339 260 1384 lini
286 1337 474 1393 dicitur‚
504 1352 582 1396 per
611 1334 815 1394 ambages
836 1332 1028 1396 effigiem
1050 1331 1218 1394 ingenii
1245 1331 1321 1379 sui.
1347 1334 1461 1393 Quo

176 1409 412 1472 postquam
430 1419 617 1451 ventum
640 1403 701 1449 est
713 1439 726 1461 ‚
746 1402 950 1466 perfeffis
966 1403 1102 1465 patris
1119 1405 1364 1464 mandatis,
1384 1423 1461 1453 cu-

178 1482 288 1546 pido
318 1479 489 1527 incessit
513 1478 687 1524 animos
707 1476 925 1538 juvenum
947 1476 1223 1535 sciscitandi,
1248 1478 1304 1524 acl
1323 1495 1459 1541 quem

178 1570 335 1600 eorum
361 1567 547 1614 regnum
572 1550 829 1596 Romanum
859 1547 962 1594 effet
986 1560 1245 1596 venturum.
1283 1551 1351 1595 Ex
1386 1550 1459 1597 in-

180 1626 289 1672 fimo
314 1625 447 1687 specu
466 1640 631 1671 vocem
661 1622 877 1668 redditam
906 1619 1082 1668 ferunt:
1105 1624 1325 1683 Imperium
1334 1625 1458 1684 sum-

180 1719 293 1745 mum
312 1702 456 1744 Romae
484 1699 647 1743 habebit
659 1733 675 1753 ,
705 1698 777 1756 qui
800 1697 968 1761 vestrum
985 1698 1151 1755 primus
1163 1731 1180 1751 ‚
1210 1714 1234 1741 0
1250 1696 1425 1754 juvenes
1440 1733 1460 1754 ,

180 1776 361 1835 osa-ulum
391 1774 514 1817 matri
531 1773 680 1815 tulerit.
711 1767 978 1830 Tarquinii,
996 1781 1045 1813 ut
1059 1767 1244 1825 Sextus,
1265 1770 1342 1832 qui
1362 1770 1458 1817 Ro-

180 1863 264 1891 mae
283 1842 459 1889 reliEtus
481 1838 652 1897 fuerat,
681 1838 857 1902 ignarus
884 1837 1079 1900 responsi
1101 1838 1343 1902 expersque
1373 1840 1456 1887 im-

179 1916 293 1980 perii
324 1914 454 1971 esset,
478 1930 571 1959 rem
602 1912 769 1957 summa
801 1927 890 1973 ope
919 1912 1056 1957 taceri
1074 1911 1265 1973 jubent;
1290 1912 1370 1976 ipsi
1388 1914 1457 1960 in-

180 2005 249 2038 ter
278 1991 349 2047 se,
380 2002 480 2036 uter
512 1987 666 2051 prior,
698 2003 802 2033 cum
831 1986 1024 2032 Romam
1060 1984 1265 2032 redissent
1283 2022 1298 2044 ,
1327 1986 1460 2034 matri

181 2062 381 2109 osculum
411 2062 560 2118 daret,
582 2058 692 2105 sorti
712 2058 990 2121 permittunt.
1019 2059 1203 2117 Brutus,
1226 2058 1316 2105 alio
1335 2071 1457 2106 ratus

178 2134 369 2197 spefflare
391 2132 625 2197 Pythicam
659 2148 855 2189 vocem,
888 2132 1015 2177 velut
1049 2132 1079 2177 fi
1110 2130 1341 2194 prolapsus
1378 2149 1455 2178 ce-

179 2208 374 2265 cidisset,
401 2221 562 2252 terram
586 2204 743 2251 osculo
776 2204 996 2266 contigit:
1023 2203 1218 2260 scilicet,
1251 2204 1377 2266 quod
1403 2220 1455 2251 ea

179 2279 434 2327 communis
470 2292 606 2323 mater
636 2278 840 2323 omnium
874 2275 1132 2322 mortalium
1166 2276 1284 2323 effet.
1319 2276 1456 2322 Redi-

177 2365 273 2399 tum
303 2353 406 2397 inde
440 2351 662 2408 Romam,
697 2350 774 2396 ubi
812 2347 1021 2396 adversus
1058 2349 1253 2395 Rutulos
1287 2349 1453 2395 bellum

179 2423 345 2468 summa
370 2422 416 2467 vi
442 2423 690 2484 parabatur.

241 2496 375 2540 LVII.
409 2494 600 2540 Ardeam
624 2492 779 2539 Rutuli
811 2492 1062 2551 habebant,
1098 2510 1235 2557 gens,
1265 2492 1383 2539 utin
1402 2509 1451 2540 ea
