1582 2793
267 145 888 194 HISTORIARUM
932 147 1069 194 LIB.
1103 147 1136 194 1.
1308 155 1359 206 ις

77 267 151 301 tos
181 253 243 301 ob
263 254 371 300 iram
393 254 555 317 praedae
575 253 739 300 amiffae
760 254 958 301 latrones
974 290 987 312 ,
1019 271 1120 302 cum
1143 253 1369 300 Romulus

81 326 132 373 vi
150 326 189 374 se
206 327 463 374 defendisset
476 364 491 385 ,
506 329 694 375 Remum
717 327 904 391 cepiffe3
924 342 1103 391 captum
1124 328 1214 392 regi
1231 330 1371 375 Amu-

82 398 149 446 lio
172 401 395 448 tradidisse
411 438 423 458 ,
442 402 564 447 ultro
585 401 854 449 accusantes.
871 400 1064 448 Crimini
1082 403 1275 448 maxime
1295 402 1370 447 da·

83 474 219 532 bant,
239 475 283 520 in
306 475 560 522 Numitoris
582 492 713 540 agros
731 477 786 523 ab
815 476 883 522 his
907 474 1123 538 impetum
1149 473 1270 521 fieri:
1297 475 1371 520 in-

86 548 141 593 de
163 563 241 594 eos
260 583 273 606 ,
307 548 492 594 collekla
513 547 732 610 juvenum
755 566 892 595 manu
909 584 922 607 ‚
954 547 1160 595 hostilem
1188 548 1234 593 in
1267 564 1373 594 mo·

82 619 189 667 dum
230 622 401 684 praedas
442 639 585 685 agere.
634 621 693 668 fic
745 620 979 668 Numitori
1013 621 1067 668 ad
1102 619 1373 683 supplicium

85 693 255 741 Remus
286 695 604 760 deditursjam
642 694 745 742 inde
781 695 836 742 ab
871 695 1005 742 initio
1036 693 1244 742 Faustulo
1277 693 1374 756 spes

85 766 230 815 fuerat
244 806 258 828 ‚
280 769 441 833 regiam
467 768 645 833 stirpem
666 769 783 832 apud
804 768 844 815 se
864 769 1072 826 educari3
1103 785 1207 815 nam
1227 769 1276 815 &
1298 785 1376 814 ex·

87 843 261 906 positos
281 842 393 905 juffu
416 842 529 907 regis
550 842 744 890 infantes
763 842 950 903 sciebat,
977 845 1026 892 δε
1044 855 1218 907 tempus
1235 878 1248 900 ‚
1280 858 1376 906 quo

86 915 178 978 ipse
200 932 279 963 eos
299 915 553 974 sustuliffet‚
574 916 629 963 ad
649 916 694 962 id
719 915 860 980 ipsum
883 933 1163 981 congruere3
1184 915 1257 963 sed
1280 933 1377 964 rem

88 988 372 1037 immaturam
389 1025 403 1048 ‚
433 990 512 1037 nis1
531 1002 608 1038 aut
629 1007 708 1054 per
733 991 1044 1050 occasionem,
1080 1004 1156 1038 aut
1193 1009 1273 1056 per
1299 1010 1380 1040 ne-

90 1062 331 1110 cessitatem
350 1099 363 1122 ,
382 1064 545 1126 aperiri
573 1064 793 1112 noluerat.
831 1064 1058 1111 neceffitas
1089 1065 1216 1129 prior
1234 1066 1380 1114 venit.

87 1134 177 1193 ita,
206 1150 328 1183 metu
349 1135 578 1197 subaRus,
612 1137 813 1185 Romulo
845 1154 939 1184 rem
969 1138 1126 1201 aperit.
1164 1141 1298 1186 Forte
1329 1141 1380 1186 ὅ(

93 1208 358 1269 Numitori,
389 1227 490 1257 cum
507 1210 554 1258 in
580 1211 782 1258 custodia
800 1211 991 1258 Remum
1018 1212 1224 1272 haberet,
1242 1211 1382 1260 audis-

90 1281 242 1348 setque
258 1321 273 1342 ‚
304 1285 509 1350 geminos
532 1285 615 1332 effe
647 1285 804 1333 fratres
820 1322 833 1344 ‚
865 1286 1176 1348 comparando
1199 1289 1248 1335 &
1271 1300 1382 1335 aeta-

91 1368 184 1404 tem
216 1374 409 1416 eorum,
438 1360 488 1406 &
526 1358 662 1423 ipsam
695 1359 881 1407 minime
913 1359 1119 1408 servilem
1151 1359 1385 1419 indolem,

91 1431 297 1495 tetigerat
318 1431 521 1479 animum
549 1434 770 1481 memoria
800 1446 1053 1496 nepotum:
1093 1432 1384 1482 sciscitando-

94 1521 186 1567 que
217 1506 378 1551 eodem
407 1506 646 1570 pervenit,
679 1522 728 1555 ut
762 1508 880 1554 haud
910 1508 1074 1571 procul
1100 1508 1206 1554 effet
1225 1544 1239 1565 ‚
1274 1509 1386 1572 quin

95 1578 288 1624 Remum
313 1579 587 1642 agnosceret.
624 1583 688 1628 Ita
721 1581 921 1645 undique
954 1581 1047 1645 regi
1079 1581 1211 1628 dolus
1243 1582 1386 1628 nesti--

94 1662 182 1698 tur.
234 1652 457 1699 Romulus
479 1689 492 1711 ‚
528 1671 624 1701 non
660 1672 762 1702 cum
802 1654 943 1718 globo
979 1652 1202 1716 juvenum
1224 1689 1238 1712 ‚
1269 1653 1388 1718 (nec

97 1724 218 1771 enim
243 1739 336 1771 erat
358 1726 413 1772 ad
439 1727 535 1774 vim
558 1742 755 1792 apertam
779 1727 888 1792 par)
919 1727 993 1774 sed
1014 1727 1112 1775 aliis
1138 1728 1231 1774 alio
1256 1728 1389 1774 itine-

96 1815 146 1845 re
179 1798 299 1861 juffis
330 1811 456 1846 certo
488 1813 695 1865 tempore
726 1804 781 1849 ad
811 1801 976 1865 regiam
1009 1801 1166 1848 venire
1196 1800 1388 1863 pastori-

97 1871 182 1919 bus
199 1908 213 1929 ‚
231 1873 286 1919 ad
309 1889 459 1936 regem
479 1873 700 1938 impetum
721 1875 852 1922 facit:
886 1876 935 1921 &
957 1891 980 1920 a
1001 1873 1143 1920 domo
1167 1875 1390 1922 Numito-

96 1945 158 1991 ris
177 1945 261 1992 alia
289 1959 548 2009 comparata
568 1965 703 1996 manu
724 1946 912 2010 adjuvat
931 1947 1113 1994 Remus.
1157 1947 1218 1994 ita
1236 1964 1389 2012 regem

99 2017 392 2064 obtruncant.

167 2096 206 2138 V
213 2094 240 2139 1.
263 2093 509 2151 Numitor,
527 2092 644 2141 inter
665 2093 864 2157 primum
890 2094 1132 2142 tumultum
1154 2095 1304 2144 hostes
1322 2096 1394 2143 in-

103 2164 257 2212 vasiss'e
275 2167 432 2214 urbem
461 2178 594 2229 atque
626 2167 813 2214 adortos
833 2168 1002 2232 regiam
1021 2169 1224 2217 diffltans
1245 2206 1258 2226 ,
1288 2187 1391 2217 cum

100 2237 268 2301 pubem
286 2239 506 2286 Albanam
533 2240 578 2287 in
605 2257 754 2288 arcem
785 2241 991 2304 praesidio
1028 2242 1248 2306 armisque
1271 2243 1394 2289 obti-

105 2313 297 2359 nendam
325 2315 612 2372 advocass‘et3
644 2317 881 2380 postquam
902 2315 1119 2379 juvenes,
1143 2330 1394 2380 perpetrata

107 2388 254 2441 caede,
273 2402 454 2450 pergere
474 2386 530 2433 ad
553 2388 593 2434 se
613 2389 882 2452 gratulantes
905 2390 1045 2449 vidit,
1066 2392 1298 2453 extemplo
1318 2391 1394 2437 ad-

108 2473 281 2507 vocato
303 2460 506 2508 concilio
519 2497 536 2522 ‚
557 2460 721 2509 scelera
738 2463 787 2509 in
811 2463 852 2511 le
880 2462 1053 2523 fratris,
1075 2464 1297 2527 originem
1316 2480 1393 2510 ne-
