1582 2793
172 207 235 253 90
526 191 1090 267 T1T1L1v11

225 294 361 335 licium
394 295 640 347 rescindunt,
680 298 781 337 solus
817 298 995 339 Etruscos
1025 299 1224 349 sustinuit3
1255 302 1314 350 ἃ,
1344 308 1464 352 ponte

227 369 371 410 rupto,
410 359 586 400 armatus*
605 362 641 400 se
673 362 711 400 in
740 362 887 401 flumen
922 363 1047 410 misit,
1080 366 1115 403 Sc
1146 365 1195 403 ad
1226 364 1315 403 suos
1341 374 1468 404 trana-

229 423 295 462 vit.
326 424 497 464 Alterum
529 424 682 463 accessit
708 425 858 464 virtutis
890 427 1115 477 exemplum
1143 441 1163 466 a
1192 428 1351 467 Mucio:
1376 429 1465 478 qui,

231 498 322 525 cum
356 488 405 526 ad
439 487 654 526 feriendum
692 487 896 528 Porsenam
927 489 1044 529 castra
1073 489 1240 529 hostium
1270 491 1466 539 intraffet‚

229 549 357 589 occiso
392 549 543 598 scriba,
577 563 694 600 quem
725 563 854 601 regem
891 551 967 590 effe
997 552 1184 602 putabat,
1217 550 1470 603 comprehen-

161 611 164 613 Α
227 613 313 663 sus,
342 615 558 665 impositam
598 614 779 653 altaribus
821 629 1009 663 manum,
1045 617 1082 654 in
1113 617 1251 666 quibus
1284 617 1470 655 sacrifica-

229 684 315 717 tum
345 687 449 727 erat,
473 677 577 716 exuri
604 677 728 727 paffus
755 678 831 726 est3
861 678 1057 729 dixitque,
1086 678 1180 718 tales
1205 687 1395 718 trecentos
1415 678 1470 717 es-

229 736 269 777 se
308 740 529 789 conjuratos
557 740 596 776 in
635 747 802 778 mortem
834 740 949 790 ipsius
985 741 1096 791 regis,
1145 754 1309 792 quorum
1347 741 1470 780 admi-

229 801 377 839 ratione
405 803 560 840 coaetus
596 800 758 840 Porsena
797 803 903 852 pacis
943 803 1187 842 conditiones
1224 804 1350 852 ferre,
1390 802 1472 842 bel-

230 863 314 903 lum
345 865 497 912 omisit,
537 867 707 917 acceptis
745 865 954 906 obfidibus.
998 879 1044 905 ex
1081 867 1219 918 quibus
1248 867 1355 918 virgo
1394 880 1471 907 una

233 925 398 975 Cloelia,
432 927 607 977 deceptis
639 926 862 966 custodibus
880 957 892 976 ,
921 941 989 979 per
1005 928 1179 967 Tiberim
1206 928 1255 966 ad
1284 927 1369 966 suos
1399 936 1474 967 tta-

232 989 362 1029 navit:
396 991 456 1038 &,
486 1002 576 1027 cum
609 989 760 1028 reddita
786 989 904 1038 ess'et,
935 1003 957 1029 a
984 989 1146 1030 Porsena
1176 988 1388 1029 honorifice
1414 1003 1472 1032 m-

232 1048 367 1098 miffa‚
395 1050 554 1100 equestri
584 1050 704 1089 statua
745 1051 887 1090 donata
923 1051 986 1090 est.
1029 1053 1098 1102 Ap.
1124 1050 1306 1091 Claudius
1335 1066 1380 1091 ex
1407 1054 1473 1093 Sa-

192 1125 197 1130 *
233 1111 332 1151 binis
359 1112 523 1152 Romam
555 1112 789 1163 transfugit:
827 1112 877 1152 ob
907 1112 984 1152 hoc
1009 1112 1170 1153 Claudia
1197 1113 1318 1153 tribus
1345 1115 1474 1163 adjec-

230 1181 270 1214 ta
305 1175 367 1214 est.
406 1177 599 1216 Numerus
634 1176 805 1215 tribuum
842 1175 1046 1226 ampliatus
1077 1175 1155 1222 est,
1187 1182 1230 1214 ut
1263 1174 1381 1214 essent
1418 1176 1473 1214 vi-

233 1237 330 1288 ginti
359 1251 446 1277 una.
475 1238 665 1279 Adversus
691 1239 945 1290 Tarquinium
980 1238 1226 1289 Superbum,
1257 1250 1346 1277 cum
1379 1239 1475 1278 Lati0

232 1312 373 1337 norum
398 1299 568 1338 exercitu
602 1299 748 1339 bellum
786 1300 1042 1347 inferentem,
1070 1300 1112 1339 A.
1148 1299 1359 1339 Pustumius
1386 1300 1474 1338 dic-

232 1369 335 1400 tator
365 1361 545 1412 prospere
570 1363 755 1414 pugnavit
792 1363 897 1413 apud
926 1361 1055 1400 lacum
1082 1360 1293 1409 Regillum.
1335 1359 1472 1411 Plebs,

234 1435 324 1462 cum
355 1432 511 1475 propter
537 1438 655 1465 nexos
681 1425 733 1465 ob
765 1438 813 1464 aes
841 1424 1010 1464 alienum
1042 1424 1082 1462 in
1102 1424 1259 1464 Sacrum
1295 1431 1472 1463 montem

234 1486 457 1536 seceffiffet,
493 1488 650 1527 consilio
681 1489 853 1529 Menenii
889 1488 1064 1539 Agrippae
1094 1500 1116 1525 a
1147 1485 1336 1526 seditione
1364 1500 1474 1526 revo-

235 1558 320 1588 cata
345 1552 408 1590 est.
439 1551 550 1591 Idem
580 1553 772 1603 Agrippa,
803 1546 894 1591 cum
929 1550 1166 1600 decessiffet,
1193 1559 1350 1602 propter
1377 1565 1474 1602 pau-

234 1621 425 1663 pertatem
463 1615 619 1664 publico
655 1616 855 1666 impendio
899 1613 1020 1653 elatus
1059 1614 1122 1652 est.
1150 1613 1315 1654 Tribuni
1349 1613 1472 1664 plebis

234 1677 402 1728 quinque
431 1679 549 1718 creati
577 1678 672 1719 sunt.
713 1679 917 1729 Oppidum
945 1676 1175 1716 Volscorum
1216 1675 1362 1716 Corioli
1389 1690 1475 1728 cap-

235 1746 320 1778 tum
354 1740 406 1779 est
428 1741 566 1779 virtute
591 1743 625 1781 ἃ
656 1754 771 1790 opera
802 1741 843 1780 C.
872 1740 1035 1788 Marcii,
1066 1741 1130 1790 qui
1161 1738 1211 1778 ob
1240 1738 1316 1777 hoc
1340 1740 1474 1779 Corio-

236 1801 346 1840 lanus
377 1811 536 1842 vocatus
564 1803 626 1842 est.
666 1804 726 1843 Ti.
760 1803 928 1850 Atinius,
964 1804 1021 1841 vir
1050 1802 1098 1840 de
1124 1800 1266 1866 plebe,
1305 1813 1393 1839 cum
1433 1802 1473 1841 in

235 1864 318 1902 visu
346 1865 567 1904 admonitus
593 1865 711 1912 esset,
742 1873 785 1904 ut
811 1866 859 1904 de
887 1863 1115 1915 quibusdam
1151 1862 1399 1915 religionibus
1424 1864 1474 1903 nd

235 1925 412 1966 senatum
441 1929 653 1979 perferret,
689 1931 724 1967 8:
756 1927 1002 1979 neglexisset,
1035 1926 1167 1966 amisso
1193 1925 1299 1975 filio,
1335 1926 1472 1965 debilis

234 1988 381 2038 faetus,
420 1991 645 2042 postquam,
684 1990 832 2030 delatus
864 1990 912 2029 ad
938 1989 1111 2029 senatum
1139 1989 1301 2038 lectica,
1336 1989 1473 2028 eadem

234 2047 301 2088 illa
327 2050 590 2097 indicaverat,
620 2050 689 2089 usu
718 2051 865 2102 pedum
897 2059 1078 2101 recepto,
1110 2050 1273 2089 domum
1304 2048 1473 2087 reversus

237 2110 301 2149 est.
347 2111 444 2150 Cum
471 2112 512 2151 C.
543 2112 712 2152 Marcius
741 2111 992 2159 Coriolanus,
1020 2111 1085 2162 qui
1113 2112 1152 2148 in
1186 2109 1357 2149 exsilium
1391 2119 1474 2149 erat

235 2172 392 2223 pulsus,
424 2175 501 2214 dux
525 2175 752 2214 Volscorum
776 2175 899 2214 faetus
916 2206 927 2221 ‚
954 2175 1165 2213 exercitum
1195 2171 1362 2210 hostium
1387 2170 1472 2210 urbi

237 2234 371 2275 Romae
397 2230 648 2284 admovisset,
680 2239 716 2276 &
746 2236 841 2275 miffi
868 2237 917 2275 ad
940 2249 1029 2274 eum
1050 2235 1218 2284 primum
1245 2232 1384 2279 legati,
1404 2246 1474 2284 po-

235 2296 313 2335 stea
348 2295 562 2336 sacerdotes
596 2298 729 2336 frustra
759 2297 954 2347 deprecati
983 2296 1127 2343 essent,
1158 2309 1206 2334 ne
1236 2294 1380 2334 bellum
1408 2308 1477 2346 pa-

237 2358 319 2397 triae
343 2359 522 2407 inferret3
550 2359 704 2398 Veturia
733 2369 854 2398 mater
881 2360 914 2398 Sc
943 2356 1150 2397 Volumnia
1175 2369 1270 2395 uxor
1294 2357 1475 2406 impetra-

238 2428 376 2459 verunt
404 2420 451 2459 ab
485 2434 554 2468 eo,
581 2430 624 2459 ut
659 2421 864 2459 recederet.
907 2420 983 2461 Lex
1019 2419 1166 2468 agraria
1199 2419 1367 2468 primum
1397 2417 1477 2458 lata

240 2483 305 2523 est.
338 2484 403 2535 Sp.
429 2483 572 2539 quffius
607 2483 813 2524 consularis
849 2484 953 2535 regni
989 2482 1151 2526 crimine
1188 2483 1390 2522 damnatus
1422 2483 1476 2521 est
