1582 2793
150 145 232 205 148
493 144 1056 197 T1T1L1v11

139 253 212 300 los
229 289 241 310 ‚
269 253 344 300 etfi
368 270 462 300 non
490 254 746 302 adhortatio
780 257 911 304 invisi
939 259 1093 316 ducis,
1122 257 1248 305 suum
1276 259 1428 308 saltem

139 329 354 391 flagitium
380 331 429 376 ὅ(
452 329 682 392 publicum
721 332 767 377 in
797 333 1027 396 praesentia
1063 335 1280 393 dedecus,
1309 337 1430 399 post-

138 403 282 451 modo
314 404 592 467 periculum,
628 405 660 450 fi
687 406 1002 461 animusvhosti
1029 408 1236 467 redisset,
1267 426 1430 474 cogere

139 478 291 539 potuit
321 478 503 542 gradum
532 479 811 535 accelerare3
840 492 945 538 aut,
975 481 1007 526 fi
1035 482 1155 529 aliud
1188 484 1330 542 nihil,
1358 484 1430 530 in'-

140 551 250 598 stare
273 551 521 600 instruilos.
557 551 721 614 Injuffu
751 552 872 616 figna
902 552 1129 613 referunt,
1158 556 1429 620 moestique,
1480 606 1483 608 ,

141 622 378 688 (crederes
408 623 587 687 victos)
611 622 890 671 exsecrantes
924 642 1047 671 nunc
1079 625 1394 688 imperatorem
1417 666 1431 687 ,

141 715 262 745 nunc
298 712 504 745 navatam
538 698 592 743 ab
629 697 781 760 equite
810 713 1027 760 operam,
1055 699 1245 745 redeunt
1276 700 1323 746 in
1354 719 1433 748 ca-

139 768 239 820 stra.
269 774 365 818 Nec
391 771 498 817 huic
524 782 612 816 tam
639 770 861 833 pestilenti
886 772 1098 835 exemplo
1119 774 1318 820 remedia
1340 774 1432 822 ulla

139 846 193 892 ab
225 845 496 907 imperatore
520 843 698 907 quaesita
722 844 834 892 sunt.
871 844 985 890 adeo
1013 845 1337 894 excellentibus
1364 847 1433 893 in-

141 917 282 981 geniis
317 916 449 962 citius
482 914 673 962 defuerit
699 932 767 962 ars
783 952 796 973 ,
815 933 900 979 qua
923 915 1071 963 civem
1092 930 1246 980 regant
1261 953 1275 975 ,
1295 934 1432 980 quam

140 1009 230 1055 qua
264 987 438 1036 hostem
465 989 687 1052 superent.
719 990 893 1036 Consul
915 991 1110 1037 Romam
1141 992 1301 1050 rediit,
1335 1009 1432 1039 non

141 1078 230 1113 tam
263 1064 369 1112 belli
402 1063 547 1128 gloria
572 1064 723 1120 aussa,
749 1080 883 1126 quam
917 1063 1094 1111 irritato
1131 1065 1433 1112 exacerbato-

139 1156 228 1203 que
261 1139 309 1184 in
339 1137 378 1184 se
413 1137 605 1183 militum
626 1136 753 1183 odio.
787 1135 1042 1183 Obtinuere
1075 1149 1227 1184 tamen
1252 1139 1431 1196 Patres,

144 1225 194 1259 ut
225 1212 272 1258 in
302 1210 438 1257 Fabia
471 1222 603 1274 gente
634 1208 887 1258 constilatus
917 1225 1129 1258 maneret.
1161 1213 1226 1258 M.
1246 1212 1432 1259 Fabium

142 1284 373 1333 consulem
397 1296 574 1332 creant:
607 1284 743 1330 Fabio
775 1283 950 1348 collega
968 1285 1056 1331 Cn.
1076 1285 1272 1332 Manlius
1290 1286 1432 1333 datur.

185 1362 347 1407 XLIV.
367 1362 424 1406 Et
441 1359 513 1405 hic
537 1374 679 1405 annus
698 1357 930 1404 tribunum
950 1359 1181 1405 auctorem
1198 1358 1304 1422 legis
1320 1377 1435 1423 agra-

142 1435 222 1482 riae
250 1434 416 1482 habuit.
452 1434 523 1481 Ti.
552 1430 816 1480 Pontificius
848 1432 945 1479 fuit.
981 1433 1043 1490 is,
1071 1433 1256 1478 eandem
1283 1433 1434 1492 viam,

144 1509 271 1557 velut
306 1508 577 1571 proceffiffet
603 1508 675 1569 Sp.
701 1506 907 1564 Licinio,
935 1506 1179 1571 ingressus,
1213 1506 1431 1555 dele&um

144 1582 364 1647 paulisper
381 1581 602 1645 impediit.
637 1582 910 1628 Perturbatis
930 1582 1093 1628 iterum
1109 1581 1330 1638 Patribus,
1344 1585 1433 1646 Ap-

145 1656 244 1719 pIus
264 1654 501 1712 Claudius,
525 1658 565 1698 V
565 1655 685 1701 ic‘lam
704 1658 970 1701 tribuniciam
985 1656 1245 1721 potestatem,
1262 1655 1435 1715 dicere,

137 1731 277 1790 priore
310 1747 425 1774 armo
438 1747 457 1782 ;
494 1731 540 1773 ἱπ
564 1727 783 1788 praefintia
815 1747 854 1774 re
876 1729 967 1789 ipsa
981 1764 995 1784 ‚
1023 1733 1210 1789 exemplo
1235 1732 1281 1774 in
1294 1748 1435 1789 perpe-

145 1819 291 1849 tuam:
324 1805 493 1863 quando
523 1805 737 1847 inventum
752 1800 817 1864 stt
833 1837 847 1857 ‚
866 1802 966 1861 suis
993 1802 1127 1862 ipsam
1160 1804 1321 1847 viribus
1350 1802 1435 1862 Δι’-[Σ

135 1876 268 1935 solvi,
306 1877 450 1935 Neque
474 1878 583 1920 enim
607 1894 788 1935 unquam
817 1874 1052 1933 defictas-um
1069 1910 1082 1932 ‚
1114 1877 1187 1935 qui
1209 1873 1251 1921 δ’
1276 1894 1330 1920 ex
1347 1880 1437 1921 col·-

147 1953 237 2010 [αέα
271 1942 484 1994 νὶἶὶονίακη
501 1948 591 2012 sthi
612 1985 626 2004 ‚
663 1947 706 1995 δ’
736 1953 918 2011 gratiam
949 1952 1131 1995 melioris
1155 1952 1297 2009 partis
1328 1951 1436 1996 bono

140 2022 311 2080 publico
329 2023 429 2066 velit
454 2020 673 2082 quaefitam.
710 2025 773 2066 Et
783 2026 923 2082 plures
935 2058 951 2078 ‚
963 2021 1015 2085 fi
1023 2023 1216 2083 pluribus
1240 2021 1436 2084 opusstt,

147 2095 334 2139 tribunos
359 2097 420 2138 ad
441 2097 656 2140 auxilium
674 2095 888 2155 consillum
896 2112 1076 2156 paratos
1084 2095 1181 2154 fore
1195 2114 1216 2150 ;
1240 2093 1283 2140 G*
1303 2114 1433 2140 unum

148 2171 215 2213 vel
245 2166 440 2225 adverfics
471 2186 611 2213 omnes
629 2169 746 2228 satis
773 2166 858 2232 effe.
896 2172 1064 2216 Darem
1102 2171 1226 2214 modo
1260 2166 1302 2214 ὅ·
1331 2187 1436 2214 con-

139 2237 256 2296 ficies
283 2234 325 2282 G
342 2239 544 2296 primores
574 2240 749 2284 Patram
776 2258 940 2299 operam
959 2275 974 2295 ,
1007 2256 1080 2296 ut,
1093 2239 1143 2303 st
1174 2242 1317 2285 minus
1345 2258 1436 2285 om·

149 2328 249 2366 nes,
278 2313 441 2370 aliquos
476 2327 612 2355 tamen
647 2331 700 2357 ex
727 2314 908 2358 tribunis
943 2315 1171 2373 reipublicae
1199 2331 1248 2358 ac
1265 2313 1438 2372 senatui

151 2384 428 2427 conciliarent.
465 2382 704 2444 Praeceptis
725 2383 860 2446 Appii
880 2383 1045 2430 moniti
1065 2385 1218 2431 Patres
1232 2420 1245 2442 ‚
1269 2386 1318 2432 &
1337 2383 1439 2431 uni-

152 2452 265 2504 versi
304 2455 496 2501 comiter
529 2471 580 2502 ac
615 2456 806 2519 benigne
841 2457 1050 2505 tribunos
1086 2458 1346 2523 appellare3
1383 2459 1436 2506 &
