1680 2803
319 139 374 182 D
409 138 453 180 E
523 135 572 180 T.
641 137 676 179 L
711 136 738 180 Ι
772 137 817 178 V
847 135 872 177 Ι
911 135 969 180 0.
1141 146 1366 180 Lxxxvn

65 256 272 295 accurate
307 241 524 306 explicari
554 257 650 288 non
687 239 868 303 potest:
900 256 999 302 quae
1027 257 1051 286 a
1083 244 1236 303 paucis
1264 241 1368 289 satis

64 320 181 366 recte
202 316 479 379 intelligitur.
504 313 694 359 Metium
712 328 826 360 vero
847 312 1198 373 Pompufianum
1219 332 1243 361 a
1261 317 1367 362 Do·

60 391 254 438 mitiano
299 392 405 452 Imp.
445 386 729 434 interfectum
768 397 917 432 narrat
957 385 1225 447 Xiphilinus
1263 406 1366 452 pag.

64 480 188 521 222,
225 462 351 526 quod
390 460 661 509 Conciones.
709 462 1040 522 Imperatorum
1086 460 1366 524 Ducumque

60 537 181 600 apud
208 536 389 583 Livium
417 533 679 597 frequenter
704 532 905 579 lectitans
930 530 1167 594 imperium
1190 534 1365 583 affecta-

61 627 110 657 re
130 610 378 658 videretur.
415 607 471 654 T.
492 606 648 654 Livius
674 605 842 670 (quem
863 603 1030 651 merito
1050 615 1366 656 πολιτικώτατον

60 682 327 746 scriptorem
357 681 553 745 appellat
571 681 772 728 Thomas
795 679 848 726 de
875 679 1048 726 Pinedo
1077 688 1088 710 ¹
1109 714 1123 739 ‚
1147 678 1194 725 in
1221 679 1366 741 apho-

63 756 224 803 rismos
246 758 297 803 &
328 754 568 818 porismata
598 754 799 800 redactus
827 752 918 811 est,
940 753 986 799 in
1007 752 1368 800 recreationibus

59 837 79 860 2
105 827 386 878 Academicis
405 825 655 884 Grostanis,
678 827 900 893 Christiani
914 829 1100 883 Adurni,
1122 825 1252 872 liberi
1280 827 1366 872 Ba-

61 900 190 948 ronis
225 902 348 948 Gros
380 900 433 946 de
460 899 684 958 Torkau‚
712 899 915 963 Erlangae
959 915 1095 962 1713,
1126 918 1171 962 4.
1206 901 1367 948 Tomo

61 971 215 1019 tertio.
249 972 504 1033 Setztenciofi
528 980 543 1013 3
567 987 592 1017 a
619 970 756 1018 Livio
784 971 897 1018 dicia
917 973 1101 1036 collegit
1126 973 1230 1022 Nic,
1248 975 1364 1022 Cra-

65 1045 195 1110 gius,
214 1043 407 1091 Hafniae.
448 1047 581 1108 1582.
614 1061 683 1092 12.
712 1046 762 1092 &
793 1046 986 1094 Iacobus
1019 1048 1366 1107 Corbinellius,

60 1119 191 1167 Paris.
229 1121 363 1183 1694.
396 1135 466 1167 12.
492 1125 550 1166 les
575 1123 745 1168 amiens
778 1122 1014 1187 Historietzs
1047 1127 1179 1170 latins
1210 1127 1366 1170 reduits

61 1215 109 1242 en
139 1199 358 1242 tnaximes.
388 1197 574 1241 Premier
588 1199 779 1252 volume,
804 1196 894 1240 Tite
914 1198 1029 1243 Livet.
1057 1196 1263 1243 Lexicon
1286 1196 1366 1244 Li-

36 1271 248 1329 „vianum
278 1267 429 1316 moliti
459 1267 560 1314 sunt
589 1267 769 1331 quidam
789 1303 802 1326 ,
832 1267 937 1314 item
971 1269 1141 1317 Indices
1167 1270 1366 1318 latinita-

60 1342 143 1389 tis:
178 1354 228 1388 ut
249 1344 305 1388 G.
329 1343 383 1387 P.
405 1342 657 1402 Sclzulzius‚
683 1339 804 1386 Prof.
831 1341 1041 1390 Francof.
1073 1344 1220 1388 Joaclz.
1249 1346 1366 1390 Bor-

60 1414 221 1480 glzestus
235 1450 249 1472 ‚
267 1412 390 1461 Prof.
409 1414 734 1477 Groninganus
751 1451 766 1472 ,
784 1415 834 1462 &
860 1415 961 1462 alii:
986 1432 1124 1462 nemo
1158 1416 1367 1479 perfecit.

64 1490 203 1537 Nunc
225 1486 497 1534 Glossarium
519 1486 825 1549 exquifitioris
851 1488 1082 1536 latinitatis
1105 1490 1206 1536 Liv.
1226 1490 1366 1539 habe·=

62 1580 161 1610 mus
192 1561 238 1608 in
265 1560 466 1608 editione
497 1578 667 1624 nupera
694 1561 811 1625 Lips.
852 1561 1071 1609 Caesarem
1098 1564 1148 1610 δέ
1178 1564 1366 1612 Livium

61 1654 119 1685 ex
147 1634 342 1698 antiquis
374 1634 520 1681 numis
552 1636 664 1698 983,
685 1634 1126 1698 &inscriptionibus
1156 1654 1265 1702 542,
1296 1640 1366 1686 in-

63 1713 176 1777 figni
197 1711 345 1758 studio
374 1714 550 1759 Henrici
578 1731 663 1758 van
699 1715 771 1758 der
789 1714 971 1770 Boram,
1001 1712 1173 1759 Comiti
1207 1716 1364 1761 Arun-

63 1787 184 1834 dello
206 1784 434 1833 familiaris
450 1821 465 1842 ,
487 1783 758 1831 illustratum
785 1784 976 1832 habebat
998 1785 1288 1834 Francofurti
1308 1788 1367 1834 ad

63 1863 278 1908 Moenum
299 1860 537 1907 Zacharias
556 1859 798 1906 Conradus
822 1859 879 1905 ab
896 1859 1164 1907 Uffenbach.

143 1957 289 2004 Mssti
323 1957 520 2006 Codices
551 1957 733 2005 Liviani
770 1957 902 2005 multi
938 1957 1135 2017 exstant,
1168 1975 1367 2023 quorum

64 2049 232 2098 magno
250 2048 442 2079 numero
462 2031 567 2080 usus
585 2031 646 2080 est
663 2032 1098 2093 Drakenborchius,
1113 2033 1219 2082 item
1235 2036 1369 2084 Hear=

127 2194 142 2219 1
168 2180 313 2220 Pinedo
338 2180 439 2221 notis
468 2179 518 2220 ad
548 2178 680 2232 Steph.
749 2179 954 2220 sententias
992 2193 1070 2220 non
1111 2181 1163 2221 ita
1202 2181 1364 2223 historiae

67 2233 158 2287 Byz.
186 2249 273 2287 pag.
306 2250 390 2289 557.
749 2235 1082 2285 suaeintexuit‚ut
1099 2237 1293 2277 emineant
1309 2250 1369 2277 exn

126 2305 147 2329 2
175 2290 232 2330 De
248 2291 306 2330 his
321 2293 415 2332 Asta
436 2291 625 2332 Eruditor.
651 2304 684 2333 a.
751 2299 810 2331 tra
837 2303 976 2341 corpus
1004 2292 1186 2330 orationis
1215 2290 1370 2342 expres-

72 2359 189 2397 17¹4·
220 2358 305 2396 pag.
327 2344 390 2386 81.
751 2346 797 2386 sae
815 2376 827 2394 ‚
857 2346 921 2385 sed
947 2347 1094 2386 intexto
1123 2346 1213 2385 vesti
1238 2345 1371 2385 colore

126 2413 143 2452 3
167 2399 354 2440 Laudavit
377 2402 511 2441 merito
532 2401 684 2442 Livium
752 2401 913 2442 niteant.
946 2401 1089 2441 Confer
1119 2400 1221 2440 Balii
1255 2399 1375 2448 Lexiff

73 2467 118 2495 eo
130 2456 287 2497 nomine
299 2455 566 2509 certitudinis,
579 2457 687 2513 quod
754 2469 829 2498 con
860 2456 901 2498 in
931 2457 1074 2504 Theon,
1097 2466 1189 2494 nota
1218 2454 1263 2496 G.

1016 2519 1099 2582 f4
