1582 2793
304 150 1153 199 H1sToR1ARUML113.1.
1330 168 1382 209 25

95 258 230 307 urbes
249 269 522 305 renovatum
543 256 619 303 est.
653 259 709 303 Et
739 273 844 304 cum
870 256 938 303 his
961 259 1141 320 quidem
1167 259 1389 322 insperata

93 347 184 395 pax
208 343 325 378 erat:
356 330 477 377 aliud
496 328 643 376 multo
674 328 865 392 propius
882 364 896 387 ‚
931 344 1065 392 atque
1088 331 1132 375 in
1158 331 1258 394 ipfis
1279 349 1391 394 pro-

95 421 154 468 pe
184 404 328 468 portis
343 440 356 463 ‚
377 403 548 451 bellum
567 414 735 450 ortum.
772 402 1004 450 Fidenates
1021 439 1035 461 ‚
1062 403 1194 450 nimis
1216 404 1391 452 vicinas

95 494 241 541 prope
274 476 317 523 se
347 475 666 525 convalescere
703 491 814 539 opes
849 475 967 535 rati,
1003 475 1257 540 priusquam
1288 491 1392 525 tan-

94 561 194 597 tum
215 550 397 598 roboris
415 550 518 597 effet
531 587 546 608 ‚
565 563 782 614 quantum
803 549 1004 597 futurum
1025 551 1266 613 apparebat
1280 589 1294 607 ‚
1312 568 1390 599 oc·

98 632 268 683 cupant
304 621 471 668 bellum
503 620 663 670 facere.
698 621 937 682 juventute
970 635 1138 668 armata
1172 623 1394 681 immissa,

100 694 301 743 vastatur
320 695 414 759 agri
431 697 559 758 quod
578 696 696 742 inter
714 695 873 744 urbem
896 713 945 743 ac
966 695 1153 743 Fidenas
1173 695 1249 744 est.
1285 697 1394 744 Inde

97 766 154 813 ad
177 765 339 813 loevam
360 766 475 815 verfi
491 803 505 824 ‚
535 765 640 830 quia
664 767 818 813 dextra
838 767 1018 814 Tiberis
1047 767 1255 825 arcebat,
1286 784 1394 814 cum

99 855 263 901 magna
283 838 587 901 trepidatione
619 838 858 902 agrestium
885 839 1192 902 populantur:
1222 839 1395 886 tumul-

101 912 262 975 tusque
291 929 448 975 repens
465 948 479 970 ,
513 929 567 959 ex
588 914 704 976 agris
729 913 774 959 in
796 913 952 960 urbem
973 912 1118 960 illatus
1136 948 1150 971 ‚
1170 929 1257 975 pro
1280 930 1396 959 nun-

100 984 168 1031 tio
204 984 301 1033 fuit.
336 986 520 1034 Excitus
538 986 764 1035 Romulus
788 986 966 1052 (neque
983 985 1105 1032 enim
1125 985 1394 1034 dilationem

99 1057 194 1122 pati
222 1071 310 1105 tam
340 1059 543 1107 vicinum
570 1059 739 1107 bellum
762 1061 968 1122 poterat)
1002 1058 1257 1106 exercitum
1283 1059 1397 1105 edu-

102 1133 192 1181 cit:
225 1133 363 1181 castra
388 1152 412 1182 a
437 1134 613 1181 Fidenis
634 1135 757 1182 mille
789 1135 989 1196 passuum
1019 1134 1155 1181 locat.
1196 1134 1261 1180 ibi
1288 1151 1395 1181 mo·-

101 1207 208 1255 dico
227 1207 433 1271 praefidio
452 1206 609 1255 relifto
624 1243 638 1266 ‚
658 1208 847 1272 egressus
870 1207 1084 1256 omnibus
1103 1206 1273 1270 copiis,
1294 1224 1397 1270 par·

101 1292 197 1329 tem
216 1281 409 1329 militum
431 1282 545 1331 locis
564 1282 682 1329 circa
701 1281 833 1330 densa
852 1282 996 1330 obfita
1015 1281 1213 1345 virgulta
1231 1281 1399 1328 obscu-

103 1355 164 1402 ris
195 1354 416 1402 subsidere
435 1354 482 1402 in
501 1355 669 1403 insidiis
688 1355 834 1417 juffit3
869 1374 971 1404 cum
991 1367 1117 1419 parte
1134 1353 1306 1415 majore
1325 1367 1396 1402 at·-

101 1443 191 1491 que
211 1429 338 1475 omni
357 1429 558 1492 equitatu
579 1428 833 1491 proststm,
852 1429 898 1477 id
916 1430 1044 1494 quod
1061 1429 1315 1493 quaerebat,
1336 1442 1398 1475 tu·

101 1502 333 1550 multuoso
357 1504 407 1551 &
424 1503 588 1552 minaci
605 1520 766 1567 genere
786 1521 949 1568 pugnae
964 1540 979 1563 ‚
999 1503 1303 1566 adequitando
1324 1503 1398 1567 ip-

104 1576 160 1622 fis
190 1592 335 1640 prope
369 1576 515 1640 portis
538 1612 552 1636 ‚
580 1577 752 1624 hostem
786 1577 990 1624 excivit:
1019 1576 1136 1640 fugae
1173 1593 1360 1641 quoque
1381 1611 1398 1636 ‚

102 1648 469 1711 quae'fimulanda
495 1660 590 1695 erat
605 1683 619 1706 ‚
644 1649 797 1696 eadem
819 1647 1034 1713 equestris
1056 1665 1205 1713 pugna
1224 1647 1400 1696 causam

105 1722 258 1769 minus
289 1721 542 1771 mirabilem
565 1722 703 1773 dedit.
734 1723 785 1771 &
816 1740 949 1782 cum,
978 1722 1109 1772 velut
1134 1723 1251 1770 inter
1278 1741 1396 1788 pug-

105 1811 176 1842 nae
206 1792 415 1859 fugaeque
445 1794 686 1843 confilium
717 1794 968 1859 trepidante
995 1795 1230 1858 equitatu,
1261 1797 1399 1858 pedes

103 1883 290 1930 quoque
314 1867 503 1914 referret
530 1868 717 1932 gradum
735 1903 751 1928 ,
779 1867 925 1932 plenis
951 1880 1136 1931 repente
1161 1868 1307 1931 portis
1328 1867 1399 1915 ef-

107 1937 190 1985 fufi
213 1939 389 2001 hostes,
419 1941 607 2004 impulsa
638 1942 844 1988 Romana
872 1940 997 2001 acie,
1026 1941 1173 1988 studio
1205 1941 1399 1990 instandi

106 2011 412 2079 sequendique
444 2015 685 2061 trahuntur
715 2015 770 2064 ad
797 2015 952 2063 locum
980 2014 1252 2063 insidiarum.
1287 2016 1397 2064 Inde

104 2083 255 2133 subito
289 2087 441 2134 exorti
476 2087 674 2135 Romani
710 2087 1005 2136 transversam
1042 2087 1267 2138 invadunt
1306 2090 1398 2136 ho-

108 2158 238 2207 stium
259 2160 416 2209 aciem.
444 2163 630 2209 Addunt
656 2179 876 2225 pavorem
905 2175 1030 2210 mota
1050 2179 1076 2210 e
1097 2161 1248 2210 castris
1275 2163 1398 2226 figna

108 2249 268 2282 eorum
286 2270 301 2295 ,
332 2235 413 2300 qui
440 2236 489 2282 in
517 2236 725 2300 praefidio
755 2237 895 2285 relicti
922 2237 1112 2287 fuerant.
1151 2237 1212 2285 ita
1239 2239 1398 2285 multi-

108 2307 219 2372 plici
246 2319 419 2356 terrore
448 2310 637 2372 perculfi
659 2309 919 2370 Fidenates,
954 2310 1079 2375 prius
1107 2327 1236 2375 paene
1262 2327 1398 2373 quam

107 2379 359 2439 Romulus,
387 2381 556 2445 quique
584 2398 686 2429 cum
710 2398 768 2428 eo
799 2383 928 2448 equis
956 2383 1099 2430 ierant
1119 2417 1134 2440 ,
1171 2381 1401 2429 circuma-

32 2501 37 2509 .
110 2467 270 2520 gerent
294 2455 430 2507 frenis
450 2473 625 2523 equos,
650 2470 774 2524 terga
794 2470 1004 2508 vertunt:
1025 2457 1265 2523 multoque
1289 2455 1397 2511 effu«,
