1680 2803
275 167 403 204 Lvm
634 155 862 202 TITl
925 157 1210 202 LIVII

341 260 543 309 Blondus
570 278 754 326 quoque
791 262 971 310 Flavius
1003 263 1050 309 in
1082 263 1153 310 sua
1184 263 1337 323 Italia,
1365 263 1558 329 loquens

274 346 329 392 de
359 344 539 392 civitate
567 345 812 402 Patavina,
830 345 952 392 Livii
979 346 1258 393 mentionem
1290 346 1420 407 facit,
1448 348 1558 396 ficut

274 430 326 476 &
349 426 679 492 Cosmographi
704 427 894 491 reliqui,
921 428 1172 488 tradentes,
1192 429 1282 479 hoc
1311 447 1450 477 unum
1478 432 1559 478 Pa-

274 511 445 558 tavinae
474 509 670 557 civitatis
699 522 1046 557 monumentum
1073 513 1449 574 praeclariffimum
1482 530 1560 560 ex-

273 593 436 642 stitisse.
470 593 540 639 Sic
570 591 803 640 Zacharias
833 592 973 639 Lilius
998 593 1045 640 in
1066 592 1144 642 suo
1174 595 1298 643 orbis
1323 595 1559 644 Breviario

275 676 325 723 in
346 675 558 734 Venetis,
578 676 631 721 de
655 674 846 723 Patavio
877 675 1079 723 meminit
1105 675 1224 725 Livii
1245 694 1348 724 cum
1366 679 1561 729 honore.

275 758 348 806 Sic
367 760 546 805 Marcus
566 757 758 805 Guatius
781 757 829 805 in
846 756 920 805 sua
939 758 1171 806 Chronica
1200 760 1412 822 praeclare
1431 761 1562 809 sentit

275 843 327 890 &
346 841 547 905 loquitur
566 840 620 887 de
638 839 776 887 Livio
795 841 951 888 nostro
969 875 983 899 ,
1010 841 1120 889 ficut
1143 842 1194 889 &
1225 842 1429 890 historici
1456 861 1560 890 om-

275 940 354 972 nes
367 959 383 984 ,
403 923 481 989 qui
506 922 609 988 post
626 922 753 970 illum
778 939 938 972 eorum
960 923 1076 989 gesta
1096 936 1352 988 temporum
1369 926 1558 975 edidere.

584 1251 1258 1302 LECTORI.

347 1390 454 1451 Quoe
470 1391 704 1452 sequnntur
729 1393 901 1438 Sertorii
932 1391 1077 1451 Ursati
1090 1392 1195 1451 fiant
1207 1427 1222 1447 ‚
1241 1410 1294 1436 ex
1320 1410 1562 1438 monumen-

281 1476 337 1519 tis
373 1473 499 1536 ipsius
532 1477 758 1524 Patavinis
795 1474 1009 1534 defimzta:
1037 1492 1121 1536 quae
1155 1493 1243 1519 cum
1271 1477 1454 1520 maxime
1479 1476 1564 1533 sa-

281 1558 396 1601 ciant
424 1560 485 1601 ad
511 1560 880 1618 interpretationem
907 1557 1191 1617 inscriptionis
1222 1561 1478 1602 monumenti
1513 1561 1562 1604 T.

282 1641 398 1686 Livii
416 1675 432 1694 ,
458 1637 540 1702 (cf
558 1640 693 1700 sizpra
708 1658 811 1701 pag.
836 1636 1026 1701 XLII.)
1043 1657 1129 1684 non
1150 1642 1418 1700 incongruum
1443 1642 1564 1684 nobis

281 1723 416 1782 visum
435 1724 511 1788 ss,
533 1741 579 1767 en
603 1725 667 1767 hic
688 1721 888 1780 adjicere,
906 1724 1096 1781 quamvis
1114 1724 1303 1783 plurima
1323 1740 1375 1767 cx
1391 1721 1562 1778 lzisjam

284 1805 456 1866 tetigerit
486 1804 746 1870 Tornasinus.

610 1952 1255 1970 ——-—————-——0-

463 2076 962 2132 ΕΡΙΤΑΡΗῙΙ
1014 2077 1081 2132 T.
1135 2077 1407 2145 L1V11‚

319 2227 393 2272 ΙΝ
424 2236 838 2270 occtDENTALI
876 2225 1188 2268 PRAETORII
1221 2223 1534 2267 PATAVINI

481 2330 652 2363 PARTE
692 2329 902 2373 ERECTI,
933 2318 1374 2361 INTERPRETATIO.

350 2433 573 2517 LIVIUS]
590 2452 766 2501 Liviam
798 2464 975 2516 gentem
1004 2451 1049 2497 in
1078 2467 1267 2498 numero
1292 2448 1567 2514 plebejarum
