1582 2793
160 136 193 188 8
515 138 1091 188 TITILIVII

163 245 384 295 seditione
407 262 463 294 ex
481 248 789 313 Paphlagonia
821 249 962 312 pulsi,
985 250 1035 296 &
1054 248 1173 296 sedes
1194 249 1244 296 &
1269 248 1458 309 ducem;

160 336 267 384 rege
293 319 553 385 Pylaemene
571 321 626 368 ad
641 320 833 383 Trojam
858 321 1044 379 amiffo,
1070 322 1355 386 quaerebant,
1375 338 1460 369 ve-

159 390 306 440 nisse
294 409 341 438 1n
362 391 575 439 intimum
600 393 734 440 maris
756 393 1003 441 Hadriatici
1021 394 1191 441 finum:
1219 392 1459 457 Euganeis-

158 481 284 528 que,
314 464 392 530 qui
422 465 539 513 inter
569 482 691 512 mare
719 465 942 529 Alpesque
968 466 1259 525 incolebant,
1294 465 1461 530 pulsis,

161 532 365 587 Hene'tos
409 536 727 601 Trojanosque
769 554 841 584 eas
880 538 1066 585 tenuiffe
1105 550 1243 586 terras
1266 557 1276 586 ε
1324 540 1375 586 &
1411 537 1463 586 in

157 629 298 677 quem
327 612 522 675 primum
545 612 700 676 egreffi
727 611 828 660 sunt
860 612 1044 671 locum,
1071 613 1214 674 Troja
1235 624 1462 669 vocatur,

159 702 370 749 pagoque
407 685 510 732 inde
539 684 752 747 Trojano
783 702 954 733 nomen
987 686 1078 733 est:
1100 702 1221 749 ,gens
1245 685 1464 734 universa

161 757 329 805 Veneti
349 757 573 822 appellati.
595 759 796 817 AEnean,
816 758 872 806 ab
892 757 1024 805 simili
1042 757 1168 807 clade
1195 758 1337 805 domo
1355 774 1462 819 pro·

158 830 318 894 fugum
332 867 346 890 ‚
367 831 441 878 sed
461 831 515 878 ad
533 829 704 892 majora
727 831 856 879 initia
878 848 1027 879 rerum
1047 830 1314 879 ducentibus
1333 829 1463 889 fatis,

157 905 310 969 primo
328 904 374 951 in
391 904 708 952 Macedoniam
727 905 919 952 veniffe:
943 904 1047 951 inde
1066 902 1113 950 in
1127 903 1322 951 Siciliam
1341 921 1466 966 quae-

159 993 336 1027 rentem
358 978 479 1026 sedes
524 978 751 1026 delatum:
779 978 836 1025 ab
855 977 1005 1035 Sicilia
1035 978 1164 1026 claffe
1192 979 1463 1025 Laurentem

160 1067 319 1114 agrum
342 1051 558 1098 tenuiffe:
583 1050 741 1112 Trojae
759 1053 810 1100 &
827 1051 931 1099 huic
951 1051 1060 1100 loco
1082 1068 1253 1099 nomen
1282 1050 1360 1099 est.
1395 1049 1463 1099 Ibi

113 1172 127 1177 ,,
159 1126 318 1189 egreffi
341 1124 533 1187 Trojani
549 1160 563 1183 ,
587 1137 638 1172 ut
659 1126 823 1190 quibus
843 1126 898 1172 ab
923 1125 1145 1173 immenso
1165 1142 1309 1189 prope
1332 1141 1464 1172 erro-

159 1217 209 1248 re
247 1200 393 1258 nihil,
425 1213 588 1264 praeter
620 1218 743 1248 arma
772 1203 822 1250 &
847 1217 1019 1261 naves,
1057 1201 1322 1264 superesset,
1357 1218 1465 1249 cum

157 1274 360 1337 praedam
388 1290 445 1320 ex
473 1274 591 1338 agris
611 1287 817 1338 agerent,
839 1274 1025 1322 Latinus
1046 1275 1147 1321 Rex
1169 1272 1462 1338 Aborigines·

131 1398 133 1400 ,
157 1363 281 1411 que,
310 1345 391 1409 qui
419 1357 516 1392 tum
543 1363 596 1393 ea
619 1346 832 1394 tenebant
852 1346 987 1407 loca,
1014 1346 1070 1394 ad
1098 1347 1337 1395 arcendam
1365 1347 1462 1394 vim

160 1419 445 1466 advenarum
474 1419 632 1467 armati
662 1437 719 1467 ex
736 1420 845 1467 urbe
867 1432 1000 1484 atque
1021 1420 1139 1485 agris
1165 1433 1462 1468 concurrunt.

160 1493 353 1556 Duplex
377 1492 482 1541 inde
504 1493 624 1542 fama
643 1493 719 1542 est.
755 1492 846 1541 Alii
865 1493 1037 1557 proelio
1061 1494 1231 1542 victum
1253 1493 1464 1541 Latinum

155 1583 316 1629 pacem
339 1584 443 1614 cum
465 1567 640 1625 AEnea,
669 1565 828 1614 deinde
871 1567 1134 1615 affinitatem
1157 1566 1349 1629 junxiffe
1378 1579 1465 1613 tra-

155 1640 273 1686 dunt
292 1658 302 1685 :
336 1639 436 1699 alii,
458 1658 561 1687 cum
584 1639 807 1687 instruRae
825 1640 942 1688 acies
962 1640 1258 1689 constitissent
1274 1676 1289 1699 ,
1319 1639 1467 1704 prius·

158 1728 296 1775 quam
317 1711 435 1775 signa
456 1724 696 1771 canerent,
723 1712 977 1775 proceffisse
996 1712 1208 1760 Latinum
1228 1714 1345 1760 inter
1367 1713 1465 1776 pri-

165 1802 349 1843 mores,
384 1786 635 1849 ducemque
666 1787 945 1833 advenarum
983 1787 1191 1835 evocasse
1227 1786 1283 1834 ad
1315 1787 1470 1834 collo-

159 1858 322 1923 quium
355 1877 364 1904 :
401 1870 716 1922 percontatum
745 1859 934 1917 deinde,
961 1859 1041 1923 qui
1065 1860 1279 1907 mortales
1302 1860 1467 1920 essent,

163 1931 286 1977 unde
304 1966 317 1989 ‚
337 1943 410 1977 aut
432 1947 526 1995 quo
551 1931 654 1977 casu
675 1930 866 1994 profecti
883 1932 1026 1979 domo
1041 1969 1055 1992 ,
1074 1933 1244 1996 quidve
1261 1949 1468 1996 quaeren-

164 2015 231 2051 tes
262 2004 308 2050 in
329 2021 483 2067 agrum
505 2007 773 2053 Laurentem
800 2005 1018 2053 exissent?
1047 2006 1286 2070 postquam
1314 2007 1466 2053 audie-

160 2076 248 2134 rit,
280 2077 615 2126 multitudinem
647 2077 874 2140 Trojanos
904 2080 988 2126 effe
1015 2097 1030 2136 ;
1068 2080 1229 2126 ducem
1263 2081 1469 2138 AEnean,

160 2149 303 2199 filium
334 2150 542 2198 Anchisae
571 2153 621 2199 &
647 2152 867 2206 Veneris;
893 2165 1087 2199 cremata
1122 2153 1262 2215 patria
1291 2153 1340 2200 &
1372 2152 1461 2199 do·

162 2240 242 2271 mo
264 2224 487 2287 profugos
510 2224 654 2271 sedem
676 2224 1016 2288 condendaeque
1034 2225 1135 2271 urbi
1158 2226 1312 2272 locum
1333 2243 1463 2290 quae-

161 2313 286 2346 rere:
323 2300 371 2347 &
399 2298 684 2346 nobilitatem
713 2299 977 2346 admiratum
1006 2297 1147 2362 gentis
1170 2297 1380 2361 virique,
1411 2299 1464 2347 &

165 2369 365 2418 animum
387 2371 464 2417 vel
490 2370 612 2417 bello
642 2371 715 2417 vel
748 2371 845 2434 paci
878 2382 1083 2434 paratum
1104 2406 1117 2427 ,
1147 2370 1332 2416 dextera
1361 2370 1464 2416 data

166 2440 304 2494 fidem
336 2442 500 2494 futurae
525 2443 735 2495 amicitiae
768 2443 969 2494 sanxifl'e.
1007 2443 1113 2493 Inde
1140 2442 1294 2492 t'oedus
1324 2442 1471 2493 istum
