1680 2803
248 180 363 216 :xxii
634 160 1222 207 TITILIVII

245 277 303 323 de
337 271 467 321 causa
505 268 730 318 celebrare
766 268 1047 317 consuevisse
1077 266 1267 331 legimus
1296 264 1342 312 in
1377 263 1552 329 Satyris

252 354 483 407 Iuvenalis
501 372 511 401 :
535 353 675 416 usque
700 353 815 400 adeo
836 351 1064 400 Patavinis
1084 349 1357 412 Respublica
1377 350 1427 396 &
1443 349 1552 395 Rei-

1670 135 1680 196 i

1670 200 1680 261 ε

1670 374 1680 434 ³2

253 440 448 504 publicae
481 438 679 484 fautores
711 437 758 484 in
791 435 936 484 oculis
968 445 1124 490 erant·,
1167 431 1396 482 Iuvenalis
1430 431 1553 479 enim
1600 487 1602 492 Β
1674 462 1680 479 ι

254 523 336 570 ista
363 523 466 569 sunt
482 539 493 568 :

317 624 456 685 Quale
474 624 661 668 coronati
685 600 869 681 Thrasea
897 616 1204 677 Helvidiusque
1222 617 1414 661 bibebant

317 705 548 750 Brutorum
575 701 617 748 ἐξ·
649 699 774 763 Caffii
803 700 1033 746 natalibus.

321 799 450 860 Quid
482 796 642 862 plura?
678 795 857 842 Asinius
878 793 1027 841 Pollio
1043 829 1057 853 ‚
1077 808 1126 840 ut
1144 803 1238 839 erat
1260 791 1557 840 Antonianus

260 882 486 947 (testatur
515 880 561 928 id
594 878 889 941 Pater-culus>
924 876 1154 925 Patavinis
1185 877 1321 940 longe
1361 874 1561 922 infensus

259 979 355 1014 erat
375 984 385 1012 ε
408 964 559 1029 itaque
583 962 862 1029 (Macrobio
885 960 993 1009 teste
1011 960 1037 1024 )
1055 960 1213 1007 acerbe
1236 977 1340 1006 cum
1366 959 1419 1005 iis
1438 958 1526 1022 egit
1544 994 1560 1017 ‚

262 1062 311 1096 ut
342 1048 580 1111 pecuniam
610 1049 660 1095 &
694 1063 816 1093 arma
848 1043 1125 1093 conferrent.
1166 1043 1324 1104 Quin,
1347 1041 1561 1090 cum‘Pa-

259 1131 407 1179 tavini
444 1132 490 1177 id
528 1129 815 1188 recusarent,
850 1145 902 1175 ac
936 1138 1177 1191 propterea
1215 1124 1562 1184 delitescerent,

263 1214 449 1278 praemia
473 1215 523 1262 &
543 1214 795 1260 libertatem
820 1210 1050 1259 Patavinis
1069 1208 1212 1257 servis
1230 1208 1432 1267 ‘obtulit‚
1455 1208 1562 1254 dum

264 1310 417 1345 tamen
461 1297 674 1344 dominos
695 1333 709 1355 ‚
745 1296 825 1358 qui
873 1293 1202 1352 delitiscerent,
1239 1291 1529 1355 propalarent
1549 1308 1562 1337 ε

265 1381 395 1445 quod
419 1391 640 1427 tentatum
673 1379 847 1426 frustra.
883 1377 1017 1424 Haud
1041 1375 1177 1440 igitur
1195 1375 1358 1421 mirum
1373 1410 1387 1433 ,
1408 1374 1563 1421 virum

264 1464 398 1511 istum
417 1463 719 1510 Caesarianum
732 1498 745 1519 ,
765 1461 1078 1508 Antonianum
1092 1491 1106 1515 ,
1128 1461 1458 1506 Patavinitatem
1481 1458 1564 1503 ob-

268 1546 414 1609 jecisse
445 1546 582 1592 Livio
599 1582 614 1604 ‚
633 1547 682 1592 &
699 1582 714 1605 3,
748 1544 875 1608 quod
901 1543 1116 1591 virtutem
1146 1541 1351 1604 alioquin
1383 1540 1567 1586 redole-

270 1642 363 1688 ret,
384 1646 408 1675 a
427 1627 686 1675 Caesarianis
701 1665 714 1686 ‚
740 1627 817 1691 qui
838 1628 1053 1674 Romano
1077 1625 1268 1688 imperio
1291 1623 1568 1687 potirentur,

270 1710 560 1775 Pompeianis
590 1710 791 1757 ludibrio
815 1708 995 1756 versum
1016 1711 1066 1757 &
1092 1708 1292 1771 probro,
1315 1723 1415 1753 cum
1435 1709 1569 1752 Pom·

269 1797 486 1860 pejanitas
513 1793 578 1840 nil
606 1793 728 1840 aliud
760 1793 954 1839 omnino
982 1792 1063 1849 sit,
1084 1807 1218 1855 quam
1240 1789 1568 1835 Patavinorum

272 1880 321 1926 in
353 1876 622 1941 Pompeium
667 1878 718 1924 &
758 1877 1013 1923 Romanam
1049 1872 1396 1936 Rempublicam
1429 1869 1569 1930 fides,

273 1978 404 2010 amor
436 1977 489 2008 ac
520 1960 856 2008 benevolentia.

341 2049 489 2110 Quod
510 2061 659 2096 autem
687 2047 831 2097 eidem
861 2047 1092 2096 Historico
1121 2047 1324 2112 quaedam
1350 2042 1570 2106 objecerit

276 2131 479 2195 Caligula
495 2167 509 2189 ‚
530 2133 634 2194 quis
659 2131 769 2190 sana:
791 2132 955 2178 mentis
973 2131 1034 2177 est
1054 2131 1224 2193 uspiam
1240 2165 1257 2186 ,
1276 2127 1355 2192 qui
1374 2139 1463 2173 tam
1486 2125 1574 2171 im·

278 2215 343 2277 pii
376 2213 564 2261 Caesaris
596 2213 905 2260 audioritatem
943 2212 1156 2258 tueatur?
1211 2190 1331 2271 Quis
1367 2210 1573 2273 ignorat,

281 2295 390 2359 quid
412 2295 614 2344 insanum
634 2296 747 2341 illud
774 2306 906 2357 caput
926 2295 980 2340 de
999 2294 1196 2358 Virgilio
1220 2292 1429 2339 senserit?
1461 2292 1571 2355 quid

280 2380 336 2424 de
356 2379 560 2424 Homero
582 2378 599 2423 ?
635 2378 755 2425 Hinc
784 2377 1105 2439 Tranquillus:
1140 2380 1349 2438 Cogitavit
1370 2379 1495 2421 etiam
1521 2377 1570 2420 cle

284 2462 457 2507 Homeri
476 2463 726 2509 carminibus
745 2462 977 2508 abolendis.
1013 2462 1099 2506 Cur
1105 2458 1196 2525 sibi
1218 2477 1305 2507 non
1326 2460 1463 2505 liceret
1471 2492 1486 2516 2
1506 2460 1573 2503 di·
