1582 2793
317 160 910 206 HiSTORlARUM
965 160 1094 204 [ΗΞ.
1138 160 1231 205 111.
1335 173 1426 217 219

136 267 368 315 damnatus
384 304 398 325 ,
419 266 644 313 Romilius
668 267 767 312 (lect
782 285 822 311 m
842 266 1038 313 millibus
1064 267 1160 330 aeris
1175 303 1188 324 ,
1209 265 1429 313 Veturius

137 341 413 402 quindecim.
453 342 551 387 Nec
579 341 674 386 haec
705 340 911 401 priorum
941 340 1165 386 calamitas
1195 337 1432 386 consulum

137 414 364 478 segniores
406 431 562 463 novos
599 414 767 461 fecerat
803 413 1024 461 consuleS.
1074 414 1116 461 6»
1142 417 1191 476 ſse
1232 415 1431 461 damnari

130 486 242 551 poffi
274 488 479 549 aiebant:
516 487 558 535 ἃ
580 491 736 550 plebem
751 525 766 546 ,
795 487 838 534 δ’
866 491 1054 534 tribunos
1073 492 1196 550 legem
1212 489 1321 547 ferre
1341 505 1431 532 non

128 560 252 626 poffi.
278 562 421 621 Tum,
436 561 599 623 abjectu
618 564 732 625 lege,
755 579 854 626 quae
875 561 1157 626 promulgata
1180 560 1431 608 consenue-

138 646 229 690 rat,
264 635 436 682 tribuni
459 636 602 682 lenius
629 652 758 699 agere
779 652 881 682 cum
908 635 1125 682 Patribus.
1158 638 1304 682 Finem
1329 652 1432 681 tcm-

138 711 229 754 dem
273 713 543 755 certaminum
566 709 769 768 fluerent.
805 710 857 774 fi
884 709 1054 770 plebejae
1095 714 1198 772 leges
1235 710 1434 771 displice·-

138 801 226 829 rem
245 821 261 839 ‚
292 801 340 830 at
367 788 435 831 illi
461 789 730 832 communiter
760 790 894 847 legum
927 790 1076 831 latores
1095 819 1108 842 ‚
1131 782 1173 831 δ’
1200 803 1254 830 ex
1279 786 1396 846 plebe
1418 818 1434 841 ,

139 854 183 902 δ’
220 876 273 902 ex
303 861 532 914 Patribus,
568 861 641 919 qul
681 858 856 918 ιιῐνζίᾲιιε
894 859 1018 904 utilia
1049 857 1240 916 ferrent,
1271 874 1433 917 quaeque

137 933 346 989 aequatzdae
380 933 580 976 libertatis
614 928 762 992 espen,
784 930 970 994 sinerent
1003 933 1144 976 creari.
1189 929 1304 975 Rem
1334 944 1434 974 non

138 1002 484 1065 aspernabantur
517 1006 697 1050 Patres:
729 1007 923 1050 daturum
954 1009 1057 1066 leges
1085 1007 1321 1059 neminem,
1351 1001 1438 1067 nisi

137 1096 192 1122 ex
229 1078 427 1122 Patribus
442 1112 457 1135 ‚
483 1075 675 1139 ajebant.
721 1077 838 1123 Cum
859 1076 912 1122 de
930 1076 1103 1139 legibus
1126 1075 1400 1123 conveniret
1418 1110 1435 1133 ‚

139 1150 194 1196 de
221 1150 363 1197 latore
391 1162 565 1198 tantum
604 1151 901 1214 discreparet3
935 1151 1047 1199 miffi
1080 1151 1213 1216 legati
1233 1151 1434 1197 Athenas

137 1226 213 1287 Sp.
235 1225 491 1273 Postumius
515 1225 655 1273 Albus
674 1262 688 1285 ‚
710 1229 762 1274 A.
786 1226 981 1273 Manlius
997 1263 1010 1283 ,
1033 1227 1077 1272 Ρ.
1097 1224 1324 1288 Sulpicius
1346 1226 1435 1272 Ca·

138 1299 360 1354 merinus;
383 1298 576 1363 juffique
600 1300 778 1348 inclitas
799 1299 918 1363 leges
945 1299 1129 1346 Solonis
1152 1298 1400 1345 describere
1416 1334 1435 1357 ,

141 1375 192 1420 &
224 1374 412 1420 aliarum
454 1375 646 1422 Graeciae
688 1375 946 1424 civitatium
988 1373 1218 1433 instituta,
1247 1389 1435 1433 mores,

139 1444 327 1509 juraque
353 1446 552 1497 noscere.

207 1522 408 1569 XXXII.
444 1523 516 1569 Ab
547 1523 744 1570 externis
772 1522 900 1570 bellis
929 1522 1109 1587 quietus
1143 1539 1286 1570 annus
1316 1522 1434 1572 fuit:

141 1597 342 1662 quietior
378 1596 614 1662 insequens
635 1634 649 1657 ‚
673 1600 720 1645 P.
743 1597 952 1645 Curiatio
970 1599 1020 1646 &
1043 1599 1146 1645 Sex.
1173 1598 1436 1659 Quinctilio

143 1670 438 1730 consulibus,
466 1684 689 1735 perpetuo
727 1671 906 1718 filentio
944 1671 1234 1719 tribunorum
1262 1689 1274 1719 ε
1306 1670 1436 1735 quod

141 1744 293 1809 primo
334 1744 585 1809 legatorum
602 1781 617 1804 ‚
646 1745 726 1810 qui
759 1745 957 1804 Athenas
989 1744 1133 1793 ierant
1152 1782 1166 1805 ‚
1194 1745 1437 1809 legumque

142 1818 480 1882 peregrinarum
512 1817 783 1882 exspectatio
809 1818 1030 1882 praebuit3
1059 1818 1162 1866 dein
1191 1819 1287 1866 duo
1307 1818 1440 1866 simul

142 1892 259 1939 mala
276 1893 474 1957 ingentia
492 1906 677 1952 exorta,
692 1893 829 1940 fames
846 1880 1211 1957 pestilent'nqile,
1224 1893 1348 1941 foeda
1360 1894 1439 1941 ho·

141 1964 280 2024 mini,
303 1965 428 2012 foeda
447 1966 618 2029 pecori.
648 1966 819 2014 Vastati
844 1967 937 2031 agri
965 1966 1097 2014 sunt:
1129 1965 1234 2013 urbs
1258 1965 1440 2014 assiduis

143 2038 354 2086 exhausta
370 2038 628 2087 funeribus:
647 2040 799 2087 multae
814 2041 865 2088 &
883 2040 1013 2087 clarae
1031 2040 1242 2104 lugubres
1258 2039 1439 2088 domus.

144 2111 326 2158 Flamen
358 2112 610 2173 Quirinalis
638 2114 728 2160 Ser.
754 2113 998 2162 Cornelius
1026 2125 1263 2169 mortuus;
1294 2130 1439 2176 augur

144 2186 199 2232 C.
218 2186 437 2234 Horatius
455 2186 678 2235 Pulvillus
700 2205 711 2234 :
738 2187 785 2234 in
804 2187 931 2250 cujus
954 2189 1108 2237 locum
1127 2190 1181 2236 C.
1195 2188 1438 2236 Veturium

144 2274 202 2305 eo
235 2259 463 2323 cupidius,
488 2261 593 2325 quia
625 2262 861 2310 damnatus
887 2279 912 2310 a
939 2261 1069 2326 plebe
1099 2278 1222 2322 erat,
1248 2279 1437 2326 augures

143 2332 306 2396 legere.
351 2336 561 2381 Mortuus
596 2334 755 2382 consul
791 2335 1095 2396 Quinctilius,
1123 2348 1320 2400 quatuor
1350 2335 1439 2382 tri-

144 2405 256 2453 huni
287 2406 443 2470 plebis.
496 2406 745 2472 Multiplici
784 2409 908 2457 clade
945 2409 1138 2457 foedatus
1174 2424 1331 2455 annus.
1377 2408 1438 2454 ab

147 2478 277 2529 hoste
307 2480 455 2529 otium
485 2480 586 2534 fuit.
635 2482 743 2532 Inde
768 2482 974 2534 consules
1005 2482 1060 2533 C.
1083 2480 1359 2541 Menenius,
1386 2481 1438 2532 P.
