1582 2793
134 203 222 261 μ76
519 205 1103 265 T1T1L1v11

86 363 89 376 ³
158 309 394 360 manifesta
427 329 497 362 res
526 316 654 377 visa,
686 319 955 386 injeffraeque
979 328 1144 375 Turno
1180 339 1380 380 catenae:
1411 335 1466 383 ὃς

157 385 399 434 confestim
439 390 707 441 Latinorum
744 398 994 446 concilium
1038 419 1205 464 magno
1243 422 1346 452 cum
1384 422 1461 454 tu·-

155 459 304 506 multu
334 462 603 512 advocatur.
638 467 706 513 Ibi
732 481 824 516 tam
859 484 993 518 atrox
1027 473 1202 522 invidia
1236 489 1338 524 orta
1367 479 1462 539 est,

157 532 316 596 gladiis
353 535 400 582 in
432 539 586 586 medio
622 543 815 604 pofitis,
852 557 936 604 ut,
975 547 1138 596 indicia
1175 550 1329 610 causa,
1369 568 1462 599 no·-

155 622 224 651 vo
266 624 429 671 genere
472 611 584 671 leti,
623 614 821 674 dejeffius
860 617 916 662 ad
952 632 1087 682 caput
1128 639 1258 686 aquae
1292 627 1462 671 Feren-

154 680 264 728 tinae
279 719 292 740 ,
313 696 435 732 crate
453 685 644 751 superne
666 688 828 752 injeffl
848 690 1053 757 saxisque
1073 697 1319 760 congestis,
1341 717 1462 747 mer-

155 768 353 818 gel‘CtUI‘.

219 830 308 876 LII.
328 831 577 882 Revocatis
597 833 758 882 deinde
779 835 835 883 ad
855 836 1105 886 concilium
1128 841 1297 890 Latinis
1312 879 1326 902 ,
1344 842 1461 891 Tar-

154 900 368 965 quinius,
406 906 798 972 collaudansque,
843 909 923 973 qui
959 913 1167 960 Turnum
1204 928 1460 965 novantem

152 992 224 1022 res
253 993 337 1039 pro
372 980 614 1029 manifesto
644 984 897 1046 parricidio
930 989 1090 1034 merita
1118 1006 1257 1052 poena
1287 991 1461 1039 affecis-

152 1047 276 1110 sent,
305 1052 367 1100 ita
384 1055 524 1104 verba
544 1056 677 1104 fecit:
699 1057 818 1123 Poffi
843 1063 1063 1123 quidemst
1082 1067 1233 1132 vetusto
1247 1066 1345 1123 jure
1364 1084 1460 1129 age-

150 1144 192 1171 re
206 1162 221 1183 ,
245 1132 384 1188 quod,
415 1149 507 1176 cum
525 1150 667 1178 omnes
688 1136 836 1180 Latini
853 1137 906 1181 ab
925 1140 1045 1183 Alba
1075 1142 1248 1186 oriundi
1263 1141 1383 1206 sint,
1413 1144 1462 1188 in

151 1222 198 1248 eo
219 1203 377 1261 foedere
404 1223 649 1264 teneantur,
682 1228 762 1269 quo
793 1212 846 1255 ab
876 1212 1000 1257 Tullo
1029 1232 1090 1259 res
1118 1219 1257 1261 onmis
1279 1219 1462 1263 Albana

150 1293 242 1320 cum
268 1283 428 1325 colonis
441 1282 541 1341 ficis
561 1285 607 1328 ifz
629 1284 875 1329 Romanum
898 1284 1048 1351 ceffirit
1071 1291 1303 1349 imperium.
1345 1292 1462 1337 Cete-

149 1368 240 1395 rum
261 1353 312 1412 fi
341 1356 541 1401 utilitatis
567 1358 619 1401 id
645 1360 785 1419 magis
812 1362 1002 1405 onmium
1037 1362 1164 1422 caufiz
1197 1364 1377 1424 ceastre,
1414 1379 1464 1410 ut

148 1446 364 1475 renovetur
388 1433 439 1475 id
442 1431 593 1489 foedus
603 1450 626 1488 ,ς
644 1434 914 1496 secundaque
933 1439 1080 1496 potius
1100 1437 1284 1496 fortuna
1308 1441 1464 1500 populi

149 1504 190 1548 R
195 1508 341 1550 omani
369 1522 418 1551 ut
439 1510 671 1568 participes
695 1511 844 1554 Latini
859 1509 1068 1568 fruantur
1084 1545 1098 1567 ,
1133 1530 1258 1572 quam
1292 1515 1461 1560 urbium

149 1581 321 1624 excidia
342 1582 669 1648 vastationesque
690 1600 883 1644 agrorum
901 1617 915 1639 ,
946 1601 1051 1643 quas
1069 1585 1199 1630 Anco
1210 1588 1360 1646 prius,
1372 1604 1461 1647 pa-

148 1668 205 1698 tre
228 1655 376 1699 deinde
394 1655 479 1714 fico
513 1672 734 1717 regnante,
748 1656 926 1719 perpqffi
951 1657 1059 1714 sint,
1084 1658 1249 1719 semper
1276 1676 1354 1705 aut
1377 1679 1480 1705 ex-v‘

134 1726 346 1787 '‘spec‘lent,
379 1746 454 1775 aut
470 1732 708 1790 patiantur.
750 1730 885 1776 Haud
919 1731 1161 1780 difficulter
1198 1731 1457 1795 persnasum

108 1825 112 1829 ·
148 1801 317 1848 Latinis
336 1838 350 1861 ,
378 1820 637 1868 quanquam
661 1803 708 1852 in
737 1821 793 1851 eo
816 1805 990 1853 foedere
1018 1806 1222 1870 superior
1242 1807 1457 1854 Romana

148 1890 216 1920 res
253 1888 362 1924 erat.
405 1888 607 1924 ceterum
643 1879 694 1925 &
727 1877 872 1941 capita
905 1878 1106 1925 nominis
1149 1877 1297 1925 Latini
1339 1877 1455 1926 stare

146 1966 201 1995 ac
231 1948 392 1997 sentire
425 1969 529 1999 cum
559 1968 661 2015 rege
688 1951 937 2011 videbant,
968 1955 1017 1999 &
1035 1955 1219 2000 Turnus
1251 1951 1316 1998 sui
1350 1951 1455 1999 cui-

146 2038 236 2083 que
256 2023 481 2085 periculi,
510 2024 543 2071 fi
573 2024 832 2071 adversatus
853 2024 959 2071 esset
974 2062 987 2082 ‚
1017 2041 1175 2072 recens
1199 2036 1293 2071 erat
1311 2024 1455 2072 docu-

146 2110 366 2146 mentum.
395 2101 457 2146 Ita
481 2111 756 2147 renovatum
777 2099 953 2156 foedus,
972 2099 1279 2162 indifflumqtle
1295 2098 1456 2160 junio-

147 2171 271 2218 ribus
295 2174 560 2220 Latinorum
579 2211 592 2233 ,
621 2185 671 2221 ut
693 2191 750 2220 ex
771 2173 945 2221 foedere
974 2174 1046 2219 die
1079 2190 1199 2220 certa
1222 2174 1277 2219 ad
1299 2172 1453 2219 lucum

148 2245 402 2292 Ferentinae
431 2248 589 2294 armati
629 2248 886 2311 frequentes
915 2247 1125 2294 adessent.
1163 2246 1258 2307 Qui
1288 2246 1365 2293 ubi
1395 2246 1454 2294 ad

146 2321 341 2368 edicium
368 2322 566 2368 Romani
590 2323 705 2386 regis
730 2339 785 2368 ex
820 2322 1033 2368 omnibus
1059 2321 1243 2385 populis
1275 2338 1451 2371 conve-

146 2413 284 2453 nere3
313 2413 368 2443 ne
397 2397 558 2445 ducem
593 2397 744 2458 suum,
778 2416 895 2445 neve
921 2397 1138 2446 secretum
1169 2399 1412 2462 imperium
1431 2432 1450 2456 ,

146 2469 398 2531 propriave
428 2470 550 2535 signa
586 2471 805 2518 haberent
826 2507 840 2530 ,
882 2470 1060 2518 miscuit
1098 2472 1357 2535 manipulos
1389 2489 1449 2519 ex

147 2545 317 2594 Latinis
342 2545 682 2612 Romanisque,
712 2558 762 2595 ut
783 2564 840 2596 ex
873 2546 992 2595 binis
1024 2546 1224 2612 singulos
1256 2545 1452 2606 faceret,
