1582 2793
204 132 294 179 118
557 132 780 182 TITI
859 139 1132 185 LIVII

194 238 349 302 possis.
385 237 472 302 Ap.
493 240 709 288 Claudius
740 243 902 291 deinde
932 247 980 292 &
1006 247 1052 293 P.
1080 245 1297 293 Servilius
1327 246 1490 294 confu-

193 311 259 358 les
290 312 407 359 fasti.
451 313 634 377 Insignis
668 316 741 362 hic
777 307 920 365 annus
956 319 1017 365 est
1052 319 1217 366 nuntio
1249 320 1489 382 Tarquinii

192 385 366 433 mortis.
405 387 616 434 Mortuus
653 389 716 434 est
751 391 909 437 Cumis
931 426 944 449 ,
983 409 1076 454 quo
1117 392 1159 438 se
1196 392 1297 454 post
1330 391 1489 441 fraclas

191 474 305 521 opes
333 458 598 506 Latinorum
630 461 685 508 ad
715 462 1052 511 Aristodemum
1087 478 1335 529 tyrannum
1369 483 1487 513 con-

192 531 375 578 tulerat.
410 533 478 578 Eo
499 532 664 579 nuntio
688 533 821 580 ereffi
843 535 992 582 Patres
1007 572 1021 593 ‚
1045 537 1188 584 erecta
1216 539 1382 600 plebes.
1413 538 1488 585 sed

194 603 399 651 Patribus
419 605 551 652 nimis
577 605 809 653 luxuriosa
840 623 891 653 ea
918 607 1006 654 fuit
1027 608 1208 657 laetitia:
1239 610 1390 673 plebi,
1413 611 1487 658 cui

192 678 250 725 ad
277 694 373 724 eam
397 678 513 724 diem
541 678 711 725 summa
740 696 830 742 ope
861 680 1127 728 inservitum
1155 696 1276 741 erat,
1310 683 1488 743 injuriae

192 767 218 797 a
243 750 519 813 primoribus
538 750 635 798 fieri
664 770 862 816 coepere.
896 754 1070 801 Eodem
1098 771 1220 801 anno
1242 756 1389 819 Signia
1406 774 1489 804 co-

196 824 323 872 lonia
342 861 357 883 ,
389 842 521 889 quam
549 842 629 873 rex
660 826 936 892 Tarquinius
971 827 1245 885 deduxerat,
1279 828 1487 891 suppleto

196 915 391 946 numero
426 900 740 958 colonorum,
778 900 940 947 iterum
978 899 1164 947 deducta
1201 901 1274 947 est.
1324 902 1488 949 Romae

188 971 333 1018 tribus
359 989 446 1019 una
467 973 516 1019 &
536 971 701 1035 viginti
721 972 860 1023 fastae.
898 974 1032 1022 AEdes
1052 974 1272 1021 Mercurii
1301 974 1484 1022 dedica-

188 1055 234 1096 ta
266 1044 328 1090 est
353 1044 500 1091 idibus
520 1044 666 1105 Majis.

256 1119 402 1166 XXII.
435 1120 552 1165 Cum
579 1118 856 1167 Volscorum
885 1132 1017 1183 gente
1047 1119 1212 1168 Latino
1246 1079 1369 1167 bello
1402 1137 1486 1167 ne-

188 1208 280 1256 que
300 1209 415 1254 pax,
436 1208 579 1254 neque
608 1192 775 1238 bellum
795 1191 956 1239 fuerat.
989 1211 1092 1240 nam
1112 1195 1160 1242 δέ
1180 1193 1336 1240 Volsci
1358 1210 1486 1241 com·

189 1277 461 1328 paraverant
488 1265 683 1325 auxilia,
708 1283 810 1330 quae
834 1266 1064 1314 mitterent
1090 1267 1288 1326 Latinis,
1317 1266 1365 1313 ni
1390 1284 1485 1314 ma<-

186 1349 383 1385 turatum
406 1339 462 1385 ab
494 1329 710 1389 dictatore
731 1341 944 1388 Romano
978 1342 1112 1388 effet:
1148 1344 1198 1390 &
1233 1341 1485 1389 maturavit·

179 1414 454 1472 Romanus,
491 1432 548 1461 ne
578 1415 748 1478 proelio
779 1433 874 1463 uno
906 1432 1010 1463 cum
1030 1416 1200 1472 Latinox
1215 1415 1482 1479 Volscoque

186 1489 515 1536 contendere&
538 1490 634 1537 Hac
667 1489 733 1536 ira
761 1488 967 1536 consules
997 1488 1044 1535 in
1076 1488 1293 1535 Volscum
1323 1506 1482 1553 agrum

178 1559 389 1624 legiOnes
417 1562 598 1610 duxere.
620 1561 816 1609 Volscos
831 1597 845 1619 ‚
868 1561 1045 1609 consilii
1068 1579 1255 1624 poenam
1273 1578 1368 1607 non
1390 1577 1483 1608 me-

186 1646 366 1684 tuentes
383 1670 397 1691 ‚
426 1634 697 1697 necopinata
715 1651 784 1681 res
802 1635 1008 1697 perculit.
1041 1636 1288 1682 Armorum
1316 1634 1481 1682 imme-
1503 1638 1506 1639 ⁷

184 1723 338 1754 mores
370 1706 546 1755 obfides
581 1707 685 1754 dant
710 1718 938 1755 trecentos
958 1707 1215 1771 principum
1236 1725 1260 1755 a
1280 1710 1402 1757 Cora
1418 1720 1483 1757 at-

179 1795 274 1841 que
303 1778 503 1826 Pometia
535 1780 718 1826 liberos.
764 1778 826 1828 ita
859 1779 950 1827 fine
979 1780 1221 1827 certamine
1257 1780 1363 1828 inde
1399 1780 1484 1827 ab-

181 1853 326 1899 duflae
352 1853 568 1917 legiones.
608 1855 706 1900 Nec
739 1853 798 1900 ita
829 1854 974 1901 multo
996 1854 1095 1918 post
1113 1855 1294 1903 Volscis
1316 1856 1482 1915 levatis

175 1941 305 1974 metu
333 1927 456 1975 suum
488 1928 623 1976 rediit
652 1927 909 1992 ingenium:
945 1929 1097 1976 rursus
1131 1930 1366 1977 occultum
1395 1946 1481 1993 pa-

179 2013 282 2046 rant
311 2001 477 2048 bellum
495 2038 509 2060 ‚
538 2003 747 2049 Hernicis
779 2001 827 2049 in
849 2001 1110 2048 societatem
1143 2017 1377 2051 armorum
1409 2000 1478 2047 as-

179 2073 348 2122 sumtis.
394 2078 588 2140 Legatos
621 2093 807 2140 quoque
837 2075 890 2121 ad
923 2074 1261 2122 sollicitandum
1296 2073 1477 2124 Latium

179 2147 336 2208 paffim
373 2148 620 2195 dimittunt.
661 2150 748 2195 Sed
782 2165 938 2195 recens
972 2148 1028 2194 ad
1062 2147 1290 2212 Regillum
1327 2145 1477 2199 lacum

177 2234 361 2282 accepta
386 2221 531 2284 clades
552 2222 737 2268 Latinos
756 2222 821 2268 ira
843 2221 1046 2284 odioque
1066 2220 1158 2280 ejus
1177 2256 1191 2278 ‚
1211 2219 1475 2283 quicunque

176 2308 301 2339 arma
336 2292 562 2350 suaderet,
584 2310 640 2339 ne
667 2294 721 2338 ab
746 2293 898 2355 legatis
932 2293 1115 2355 quidem
1137 2292 1365 2340 violandis
1392 2293 1474 2339 ab·

177 2363 347 2411 stinuit.
372 2365 738 2427 Comprehensos
757 2365 950 2412 Volscos
970 2367 1164 2413 Romam
1191 2367 1373 2413 duxere.
1404 2366 1472 2416 lbi

177 2437 334 2491 traditi
354 2438 630 2492 consulibus.
661 2438 996 2505 indicatumque
1025 2441 1115 2500 est,
1145 2439 1337 2490 Volscos
1361 2439 1475 2492 Her-z
