<?xml version="1.0" encoding="UTF-8"?>
<!DOCTYPE html PUBLIC "-//W3C//DTD XHTML 1.0 Transitional//EN"
    "http://www.w3.org/TR/xhtml1/DTD/xhtml1-transitional.dtd">
<html xmlns="http://www.w3.org/1999/xhtml" xml:lang="en" lang="en">
 <head>
  <title>
</title>
<meta http-equiv="Content-Type" content="text/html;charset=utf-8" />
  <meta name='ocr-system' content='tesseract 3.04.00' />
  <meta name='ocr-capabilities' content='ocr_page ocr_carea ocr_par ocr_line ocrx_word'/>
</head>
<body>
  <div class='ocr_page' id='page_1' title='image "./historiarumlibri01livyuoft_0316.png"; bbox 0 0 1582 2793; ppageno 0'>
   <div class='ocr_carea' id='block_1_1' title="bbox 158 151 1069 215">
    <p class='ocr_par' dir='ltr' id='par_1_1' title="bbox 158 151 1069 215">
     <span class='ocr_line' id='line_1_1' title="bbox 158 151 1069 215; baseline 0.003 -17"><span class='ocrx_word' id='word_1_1' title='bbox 158 165 247 215; x_wconf 63' lang='lat'>152,</span> <span class='ocrx_word' id='word_1_2' title='bbox 504 151 1069 201; x_wconf 84' lang='lat' dir='ltr'>T1T1L1V11</span> 
     </span>
    </p>
   </div>
   <div class='ocr_carea' id='block_1_2' title="bbox 136 257 1460 2512">
    <p class='ocr_par' dir='ltr' id='par_1_2' title="bbox 148 257 1456 468">
     <span class='ocr_line' id='line_1_2' title="bbox 150 257 1436 325; baseline 0.007 -20"><span class='ocrx_word' id='word_1_3' title='bbox 150 258 222 306; x_wconf 85' lang='lat' dir='ltr'>sos</span> <span class='ocrx_word' id='word_1_4' title='bbox 252 257 395 322; x_wconf 84' lang='lat' dir='ltr'>plebis</span> <span class='ocrx_word' id='word_1_5' title='bbox 428 259 604 308; x_wconf 84' lang='lat' dir='ltr'>animos</span> <span class='ocrx_word' id='word_1_6' title='bbox 631 259 709 307; x_wconf 83' lang='lat' dir='ltr'>illa</span> <span class='ocrx_word' id='word_1_7' title='bbox 737 278 890 325; x_wconf 85' lang='lat' dir='ltr'>pugna</span> <span class='ocrx_word' id='word_1_8' title='bbox 919 261 1000 309; x_wconf 87' lang='lat' dir='ltr'>fibi</span> <span class='ocrx_word' id='word_1_9' title='bbox 1027 262 1324 312; x_wconf 78' lang='lat' dir='ltr'>reconciliare</span> <span class='ocrx_word' id='word_1_10' title='bbox 1356 265 1436 313; x_wconf 77' lang='lat' dir='ltr'>sta-</span> 
     </span>
     <span class='ocr_line' id='line_1_3' title="bbox 149 333 1456 398; baseline 0.007 -20"><span class='ocrx_word' id='word_1_11' title='bbox 149 343 295 379; x_wconf 70' lang='lat' dir='ltr'>tuunt.</span> <span class='ocrx_word' id='word_1_12' title='bbox 326 333 559 380; x_wconf 71' lang='lat' dir='ltr'>instruitur</span> <span class='ocrx_word' id='word_1_13' title='bbox 581 336 699 382; x_wconf 89' lang='lat' dir='ltr'>acies</span> <span class='ocrx_word' id='word_1_14' title='bbox 719 353 729 380; x_wconf 90' lang='lat'>:</span> <span class='ocrx_word' id='word_1_15' title='bbox 763 352 847 382; x_wconf 90' lang='lat' dir='ltr'>nec</span> <span class='ocrx_word' id='word_1_16' title='bbox 871 335 1036 398; x_wconf 87' lang='lat' dir='ltr'>Vejens</span> <span class='ocrx_word' id='word_1_17' title='bbox 1059 336 1197 386; x_wconf 84' lang='lat' dir='ltr'>hostis</span> <span class='ocrx_word' id='word_1_18' title='bbox 1218 339 1456 386; x_wconf 70' lang='lat' dir='ltr'>Etruscae-‘</span> 
     </span>
     <span class='ocr_line' id='line_1_4' title="bbox 148 406 801 468; baseline 0.008 -19"><span class='ocrx_word' id='word_1_19' title='bbox 148 422 238 468; x_wconf 86' lang='lat' dir='ltr'>que</span> <span class='ocrx_word' id='word_1_20' title='bbox 269 406 471 468; x_wconf 75' lang='lat' dir='ltr'>legiones</span> <span class='ocrx_word' id='word_1_21' title='bbox 498 408 801 464; x_wconf 60' lang='lat' dir='ltr'>detrectant.7‘</span> 
     </span>
    </p>

    <p class='ocr_par' dir='ltr' id='par_1_3' title="bbox 136 480 1460 2512">
     <span class='ocr_line' id='line_1_5' title="bbox 213 480 1437 547; baseline 0.005 -22"><span class='ocrx_word' id='word_1_22' title='bbox 213 480 375 525; x_wconf 84' lang='lat' dir='ltr'>XLVI.</span> <span class='ocrx_word' id='word_1_23' title='bbox 410 481 556 542; x_wconf 81' lang='lat' dir='ltr'>Prope</span> <span class='ocrx_word' id='word_1_24' title='bbox 580 491 699 526; x_wconf 79' lang='lat' dir='ltr'>certa</span> <span class='ocrx_word' id='word_1_25' title='bbox 728 480 824 542; x_wconf 75' lang='lat' dir='ltr'>spes</span> <span class='ocrx_word' id='word_1_26' title='bbox 849 493 943 527; x_wconf 86' lang='lat' dir='ltr'>erat</span> <span class='ocrx_word' id='word_1_27' title='bbox 960 518 975 539; x_wconf 82' lang='lat'>‚</span> <span class='ocrx_word' id='word_1_28' title='bbox 995 499 1089 528; x_wconf 88' lang='lat' dir='ltr'>non</span> <span class='ocrx_word' id='word_1_29' title='bbox 1120 484 1258 547; x_wconf 82' lang='lat' dir='ltr'>magis</span> <span class='ocrx_word' id='word_1_30' title='bbox 1289 484 1437 533; x_wconf 84' lang='lat' dir='ltr'>secum</span> 
     </span>
     <span class='ocr_line' id='line_1_6' title="bbox 146 554 1438 620; baseline 0.005 -23"><span class='ocrx_word' id='word_1_31' title='bbox 146 565 429 616; x_wconf 79' lang='lat' dir='ltr'>pugnaturos</span> <span class='ocrx_word' id='word_1_32' title='bbox 445 590 458 611; x_wconf 84' lang='lat'>,</span> <span class='ocrx_word' id='word_1_33' title='bbox 478 571 610 614; x_wconf 62' lang='lat' dir='ltr'>quarn</span> <span class='ocrx_word' id='word_1_34' title='bbox 635 554 939 616; x_wconf 76' lang='lat' dir='ltr'>pugnaverint</span> <span class='ocrx_word' id='word_1_35' title='bbox 961 572 1064 602; x_wconf 84' lang='lat' dir='ltr'>cum</span> <span class='ocrx_word' id='word_1_36' title='bbox 1084 558 1254 620; x_wconf 77' lang='lat' dir='ltr'>AEquis.</span> <span class='ocrx_word' id='word_1_37' title='bbox 1296 557 1438 617; x_wconf 80' lang='lat' dir='ltr'>majus</span> 
     </span>
     <span class='ocr_line' id='line_1_7' title="bbox 145 626 1436 686; baseline 0.006 -17"><span class='ocrx_word' id='word_1_38' title='bbox 145 640 331 686; x_wconf 79' lang='lat' dir='ltr'>quoque</span> <span class='ocrx_word' id='word_1_39' title='bbox 358 626 541 673; x_wconf 73' lang='lat' dir='ltr'>aliouod</span> <span class='ocrx_word' id='word_1_40' title='bbox 558 661 573 683; x_wconf 74' lang='grc'>,</span> <span class='ocrx_word' id='word_1_41' title='bbox 594 626 637 669; x_wconf 83' lang='lat' dir='ltr'>in</span> <span class='ocrx_word' id='word_1_42' title='bbox 663 641 751 671; x_wconf 80' lang='lat' dir='ltr'>tam</span> <span class='ocrx_word' id='word_1_43' title='bbox 783 626 964 673; x_wconf 77' lang='lat' dir='ltr'>irritatis</span> <span class='ocrx_word' id='word_1_44' title='bbox 988 628 1146 675; x_wconf 78' lang='lat' dir='ltr'>animis</span> <span class='ocrx_word' id='word_1_45' title='bbox 1171 632 1220 675; x_wconf 85' lang='lat'>&amp;</span> <span class='ocrx_word' id='word_1_46' title='bbox 1238 631 1436 677; x_wconf 75' lang='lat' dir='ltr'>occasio-</span> 
     </span>
     <span class='ocr_line' id='line_1_8' title="bbox 145 697 1436 761; baseline 0.007 -20"><span class='ocrx_word' id='word_1_47' title='bbox 145 713 203 742; x_wconf 87' lang='lat' dir='ltr'>ne</span> <span class='ocrx_word' id='word_1_48' title='bbox 224 698 434 759; x_wconf 83' lang='lat' dir='ltr'>ancipiti,</span> <span class='ocrx_word' id='word_1_49' title='bbox 454 698 571 743; x_wconf 84' lang='lat' dir='ltr'>haud</span> <span class='ocrx_word' id='word_1_50' title='bbox 595 697 914 761; x_wconf 81' lang='lat' dir='ltr'>desperandum</span> <span class='ocrx_word' id='word_1_51' title='bbox 935 700 1020 746; x_wconf 73' lang='lat' dir='ltr'>effe</span> <span class='ocrx_word' id='word_1_52' title='bbox 1040 701 1227 750; x_wconf 80' lang='lat' dir='ltr'>facinus.</span> <span class='ocrx_word' id='word_1_53' title='bbox 1247 704 1334 750; x_wconf 86' lang='lat' dir='ltr'>Res</span> <span class='ocrx_word' id='word_1_54' title='bbox 1355 704 1436 750; x_wconf 81' lang='lat' dir='ltr'>ali-</span> 
     </span>
     <span class='ocr_line' id='line_1_9' title="bbox 145 769 1436 833; baseline 0.009 -20"><span class='ocrx_word' id='word_1_55' title='bbox 145 779 214 813; x_wconf 73' lang='lat' dir='ltr'>ter</span> <span class='ocrx_word' id='word_1_56' title='bbox 234 769 371 833; x_wconf 70' lang='lat' dir='ltr'>longe</span> <span class='ocrx_word' id='word_1_57' title='bbox 400 770 565 815; x_wconf 73' lang='lat' dir='ltr'>evenit.</span> <span class='ocrx_word' id='word_1_58' title='bbox 604 788 704 816; x_wconf 78' lang='lat' dir='ltr'>nam</span> <span class='ocrx_word' id='word_1_59' title='bbox 733 787 829 817; x_wconf 88' lang='lat' dir='ltr'>non</span> <span class='ocrx_word' id='word_1_60' title='bbox 850 772 938 818; x_wconf 84' lang='lat' dir='ltr'>alio</span> <span class='ocrx_word' id='word_1_61' title='bbox 961 787 1062 820; x_wconf 89' lang='lat' dir='ltr'>ante</span> <span class='ocrx_word' id='word_1_62' title='bbox 1090 775 1209 821; x_wconf 88' lang='lat' dir='ltr'>bello</span> <span class='ocrx_word' id='word_1_63' title='bbox 1232 775 1436 824; x_wconf 87' lang='lat' dir='ltr'>infestior</span> 
     </span>
     <span class='ocr_line' id='line_1_10' title="bbox 144 839 1436 904; baseline 0.008 -19"><span class='ocrx_word' id='word_1_64' title='bbox 144 839 382 887; x_wconf 78' lang='lat' dir='ltr'>Romanus</span> <span class='ocrx_word' id='word_1_65' title='bbox 406 840 541 903; x_wconf 75' lang='lat' dir='ltr'>(adeo</span> <span class='ocrx_word' id='word_1_66' title='bbox 563 841 669 888; x_wconf 79' lang='lat' dir='ltr'>hinc</span> <span class='ocrx_word' id='word_1_67' title='bbox 693 844 983 891; x_wconf 71' lang='lat' dir='ltr'>contumeiiis</span> <span class='ocrx_word' id='word_1_68' title='bbox 1002 846 1173 904; x_wconf 82' lang='lat' dir='ltr'>hostes,</span> <span class='ocrx_word' id='word_1_69' title='bbox 1195 847 1302 894; x_wconf 87' lang='lat' dir='ltr'>hinc</span> <span class='ocrx_word' id='word_1_70' title='bbox 1321 865 1436 895; x_wconf 88' lang='lat' dir='ltr'>con-</span> 
     </span>
     <span class='ocr_line' id='line_1_11' title="bbox 144 911 1433 979; baseline 0.009 -22"><span class='ocrx_word' id='word_1_71' title='bbox 144 911 258 959; x_wconf 81' lang='lat' dir='ltr'>sules</span> <span class='ocrx_word' id='word_1_72' title='bbox 279 930 409 960; x_wconf 81' lang='lat' dir='ltr'>mora</span> <span class='ocrx_word' id='word_1_73' title='bbox 434 913 849 979; x_wconf 76' lang='lat' dir='ltr'>exacerbaverant)</span> <span class='ocrx_word' id='word_1_74' title='bbox 872 918 1085 979; x_wconf 68' lang='lat' dir='ltr'>proelium</span> <span class='ocrx_word' id='word_1_75' title='bbox 1109 919 1221 965; x_wconf 81' lang='lat' dir='ltr'>iniit.</span> <span class='ocrx_word' id='word_1_76' title='bbox 1241 921 1333 967; x_wconf 85' lang='lat' dir='ltr'>Vix</span> <span class='ocrx_word' id='word_1_77' title='bbox 1357 938 1433 968; x_wconf 82' lang='lat' dir='ltr'>ex-</span> 
     </span>
     <span class='ocr_line' id='line_1_12' title="bbox 142 986 1436 1056; baseline 0.007 -25"><span class='ocrx_word' id='word_1_78' title='bbox 142 986 344 1049; x_wconf 83' lang='lat' dir='ltr'>plicandi</span> <span class='ocrx_word' id='word_1_79' title='bbox 378 987 550 1033; x_wconf 81' lang='lat' dir='ltr'>ordinis</span> <span class='ocrx_word' id='word_1_80' title='bbox 584 986 770 1050; x_wconf 85' lang='lat' dir='ltr'>spatium</span> <span class='ocrx_word' id='word_1_81' title='bbox 806 991 1001 1037; x_wconf 82' lang='lat' dir='ltr'>Etruscis</span> <span class='ocrx_word' id='word_1_82' title='bbox 1031 991 1148 1050; x_wconf 83' lang='lat' dir='ltr'>fuit,</span> <span class='ocrx_word' id='word_1_83' title='bbox 1170 1010 1302 1050; x_wconf 87' lang='lat' dir='ltr'>cum,</span> <span class='ocrx_word' id='word_1_84' title='bbox 1331 993 1436 1056; x_wconf 77' lang='lat' dir='ltr'>pilis</span> 
     </span>
     <span class='ocr_line' id='line_1_13' title="bbox 142 1060 1434 1131; baseline 0.007 -26"><span class='ocrx_word' id='word_1_85' title='bbox 142 1060 261 1106; x_wconf 76' lang='lat' dir='ltr'>inter</span> <span class='ocrx_word' id='word_1_86' title='bbox 282 1060 470 1122; x_wconf 80' lang='lat' dir='ltr'>primam</span> <span class='ocrx_word' id='word_1_87' title='bbox 490 1061 840 1123; x_wconf 81' lang='lat' dir='ltr'>trepidationem</span> <span class='ocrx_word' id='word_1_88' title='bbox 867 1064 1046 1125; x_wconf 69' lang='lat' dir='ltr'>abjectis</span> <span class='ocrx_word' id='word_1_89' title='bbox 1074 1079 1240 1113; x_wconf 81' lang='lat' dir='ltr'>temere</span> <span class='ocrx_word' id='word_1_90' title='bbox 1268 1068 1434 1131; x_wconf 79' lang='lat' dir='ltr'>magis,</span> 
     </span>
     <span class='ocr_line' id='line_1_14' title="bbox 142 1134 1433 1203; baseline 0.005 -24"><span class='ocrx_word' id='word_1_91' title='bbox 142 1151 277 1194; x_wconf 76' lang='lat' dir='ltr'>quam</span> <span class='ocrx_word' id='word_1_92' title='bbox 311 1134 500 1192; x_wconf 72' lang='lat' dir='ltr'>emistis,</span> <span class='ocrx_word' id='word_1_93' title='bbox 531 1151 676 1198; x_wconf 76' lang='lat' dir='ltr'>pugna</span> <span class='ocrx_word' id='word_1_94' title='bbox 709 1134 796 1196; x_wconf 75' lang='lat' dir='ltr'>jam</span> <span class='ocrx_word' id='word_1_95' title='bbox 832 1136 877 1182; x_wconf 89' lang='lat' dir='ltr'>in</span> <span class='ocrx_word' id='word_1_96' title='bbox 917 1154 1104 1197; x_wconf 85' lang='lat' dir='ltr'>manus,</span> <span class='ocrx_word' id='word_1_97' title='bbox 1134 1138 1224 1200; x_wconf 81' lang='lat' dir='ltr'>jam</span> <span class='ocrx_word' id='word_1_98' title='bbox 1253 1140 1308 1186; x_wconf 82' lang='lat' dir='ltr'>ad</span> <span class='ocrx_word' id='word_1_99' title='bbox 1339 1140 1433 1203; x_wconf 67' lang='lat' dir='ltr'>gla-</span> 
     </span>
     <span class='ocr_line' id='line_1_15' title="bbox 142 1206 1432 1275; baseline 0.005 -22"><span class='ocrx_word' id='word_1_100' title='bbox 142 1206 245 1253; x_wconf 81' lang='lat' dir='ltr'>dios</span> <span class='ocrx_word' id='word_1_101' title='bbox 260 1243 274 1264; x_wconf 85' lang='lat'>‚</span> <span class='ocrx_word' id='word_1_102' title='bbox 291 1207 371 1253; x_wconf 85' lang='lat' dir='ltr'>ubi</span> <span class='ocrx_word' id='word_1_103' title='bbox 390 1209 513 1253; x_wconf 86' lang='lat' dir='ltr'>Mars</span> <span class='ocrx_word' id='word_1_104' title='bbox 533 1207 592 1253; x_wconf 92' lang='lat' dir='ltr'>est</span> <span class='ocrx_word' id='word_1_105' title='bbox 613 1209 911 1257; x_wconf 81' lang='lat' dir='ltr'>atrociffimus</span> <span class='ocrx_word' id='word_1_106' title='bbox 926 1246 938 1268; x_wconf 86' lang='lat'><em>‚</em></span> <span class='ocrx_word' id='word_1_107' title='bbox 960 1225 1162 1259; x_wconf 83' lang='lat' dir='ltr'>venerat.</span> <span class='ocrx_word' id='word_1_108' title='bbox 1193 1213 1314 1259; x_wconf 83' lang='lat' dir='ltr'>Inter</span> <span class='ocrx_word' id='word_1_109' title='bbox 1337 1212 1432 1275; x_wconf 79' lang='lat' dir='ltr'>pri-</span> 
     </span>
     <span class='ocr_line' id='line_1_16' title="bbox 142 1280 1430 1346; baseline 0.003 -20"><span class='ocrx_word' id='word_1_110' title='bbox 142 1296 297 1327; x_wconf 85' lang='lat' dir='ltr'>mores</span> <span class='ocrx_word' id='word_1_111' title='bbox 326 1296 463 1343; x_wconf 74' lang='lat' dir='ltr'>genus</span> <span class='ocrx_word' id='word_1_112' title='bbox 494 1280 677 1327; x_wconf 88' lang='lat' dir='ltr'>Fabium</span> <span class='ocrx_word' id='word_1_113' title='bbox 710 1281 880 1345; x_wconf 85' lang='lat' dir='ltr'>infigne</span> <span class='ocrx_word' id='word_1_114' title='bbox 912 1282 1164 1343; x_wconf 65' lang='lat' dir='ltr'>spectaculo</span> <span class='ocrx_word' id='word_1_115' title='bbox 1192 1283 1430 1346; x_wconf 78' lang='lat' dir='ltr'>exemplo—</span> 
     </span>
     <span class='ocr_line' id='line_1_17' title="bbox 141 1353 1431 1421; baseline 0.002 -21"><span class='ocrx_word' id='word_1_116' title='bbox 141 1370 232 1416; x_wconf 81' lang='lat' dir='ltr'>que</span> <span class='ocrx_word' id='word_1_117' title='bbox 270 1353 448 1401; x_wconf 84' lang='lat' dir='ltr'>civibus</span> <span class='ocrx_word' id='word_1_118' title='bbox 479 1366 583 1401; x_wconf 86' lang='lat' dir='ltr'>erat.</span> <span class='ocrx_word' id='word_1_119' title='bbox 630 1371 687 1400; x_wconf 79' lang='lat' dir='ltr'>ex</span> <span class='ocrx_word' id='word_1_120' title='bbox 718 1354 784 1401; x_wconf 86' lang='lat' dir='ltr'>his</span> <span class='ocrx_word' id='word_1_121' title='bbox 813 1356 875 1415; x_wconf 83' lang='lat' dir='ltr'>Q.</span> <span class='ocrx_word' id='word_1_122' title='bbox 908 1356 1120 1414; x_wconf 84' lang='lat' dir='ltr'>Fabium,</span> <span class='ocrx_word' id='word_1_123' title='bbox 1148 1355 1320 1421; x_wconf 86' lang='lat' dir='ltr'>(tertio</span> <span class='ocrx_word' id='word_1_124' title='bbox 1357 1357 1431 1405; x_wconf 85' lang='lat' dir='ltr'>hic</span> 
     </span>
     <span class='ocr_line' id='line_1_18' title="bbox 140 1427 1429 1493; baseline 0.004 -19"><span class='ocrx_word' id='word_1_125' title='bbox 140 1445 265 1475; x_wconf 86' lang='lat' dir='ltr'>anno</span> <span class='ocrx_word' id='word_1_126' title='bbox 295 1441 399 1475; x_wconf 87' lang='lat' dir='ltr'>ante</span> <span class='ocrx_word' id='word_1_127' title='bbox 431 1427 586 1476; x_wconf 85' lang='lat' dir='ltr'>consul</span> <span class='ocrx_word' id='word_1_128' title='bbox 617 1427 797 1492; x_wconf 81' lang='lat' dir='ltr'>fuerat)</span> <span class='ocrx_word' id='word_1_129' title='bbox 829 1429 1083 1493; x_wconf 83' lang='lat' dir='ltr'>principem</span> <span class='ocrx_word' id='word_1_130' title='bbox 1114 1431 1161 1477; x_wconf 90' lang='lat' dir='ltr'>in</span> <span class='ocrx_word' id='word_1_131' title='bbox 1195 1431 1429 1479; x_wconf 80' lang='lat' dir='ltr'>confertos</span> 
     </span>
     <span class='ocr_line' id='line_1_19' title="bbox 143 1503 1428 1561; baseline 0.002 -12"><span class='ocrx_word' id='word_1_132' title='bbox 143 1503 357 1556; x_wconf 80' lang='lat' dir='ltr'>Veientes</span> <span class='ocrx_word' id='word_1_133' title='bbox 389 1515 569 1551; x_wconf 87' lang='lat' dir='ltr'>euntem</span> <span class='ocrx_word' id='word_1_134' title='bbox 589 1540 603 1561; x_wconf 86' lang='lat'>,</span> <span class='ocrx_word' id='word_1_135' title='bbox 623 1503 753 1551; x_wconf 85' lang='lat' dir='ltr'>ferox</span> <span class='ocrx_word' id='word_1_136' title='bbox 773 1503 948 1551; x_wconf 82' lang='lat' dir='ltr'>viribus</span> <span class='ocrx_word' id='word_1_137' title='bbox 984 1506 1034 1552; x_wconf 87' lang='lat'>&amp;</span> <span class='ocrx_word' id='word_1_138' title='bbox 1069 1522 1300 1552; x_wconf 82' lang='lat' dir='ltr'>armorum</span> <span class='ocrx_word' id='word_1_139' title='bbox 1334 1517 1428 1552; x_wconf 88' lang='lat' dir='ltr'>arte</span> 
     </span>
     <span class='ocr_line' id='line_1_20' title="bbox 141 1576 1428 1635; baseline 0.001 -11"><span class='ocrx_word' id='word_1_140' title='bbox 141 1576 313 1624; x_wconf 84' lang='lat' dir='ltr'>Tuscus</span> <span class='ocrx_word' id='word_1_141' title='bbox 329 1613 344 1635; x_wconf 81' lang='lat'>‚</span> <span class='ocrx_word' id='word_1_142' title='bbox 369 1576 603 1624; x_wconf 86' lang='lat' dir='ltr'>incautum</span> <span class='ocrx_word' id='word_1_143' title='bbox 627 1576 744 1623; x_wconf 86' lang='lat' dir='ltr'>inter</span> <span class='ocrx_word' id='word_1_144' title='bbox 774 1577 934 1624; x_wconf 86' lang='lat' dir='ltr'>multas</span> <span class='ocrx_word' id='word_1_145' title='bbox 960 1577 1209 1625; x_wconf 86' lang='lat' dir='ltr'>versantem</span> <span class='ocrx_word' id='word_1_146' title='bbox 1230 1578 1428 1625; x_wconf 90' lang='lat' dir='ltr'>hostium</span> 
     </span>
     <span class='ocr_line' id='line_1_21' title="bbox 141 1649 1429 1715; baseline 0.001 -18"><span class='ocrx_word' id='word_1_147' title='bbox 141 1667 327 1707; x_wconf 81' lang='lat' dir='ltr'>manus,</span> <span class='ocrx_word' id='word_1_148' title='bbox 350 1650 498 1713; x_wconf 79' lang='lat' dir='ltr'>gladio</span> <span class='ocrx_word' id='word_1_149' title='bbox 532 1667 610 1711; x_wconf 87' lang='lat' dir='ltr'>per</span> <span class='ocrx_word' id='word_1_150' title='bbox 638 1651 788 1712; x_wconf 61' lang='lat' dir='ltr'>pectus</span> <span class='ocrx_word' id='word_1_151' title='bbox 815 1649 1046 1715; x_wconf 83' lang='lat' dir='ltr'>transfigit.</span> <span class='ocrx_word' id='word_1_152' title='bbox 1086 1651 1179 1698; x_wconf 91' lang='lat' dir='ltr'>telo</span> <span class='ocrx_word' id='word_1_153' title='bbox 1201 1652 1429 1709; x_wconf 65' lang='lat' dir='ltr'>extracto,</span> 
     </span>
     <span class='ocr_line' id='line_1_22' title="bbox 139 1722 1430 1787; baseline 0 -17"><span class='ocrx_word' id='word_1_154' title='bbox 139 1739 339 1787; x_wconf 84' lang='lat' dir='ltr'>praeceps</span> <span class='ocrx_word' id='word_1_155' title='bbox 358 1722 517 1769; x_wconf 83' lang='lat' dir='ltr'>Fabius</span> <span class='ocrx_word' id='word_1_156' title='bbox 538 1722 582 1767; x_wconf 86' lang='lat' dir='ltr'>in</span> <span class='ocrx_word' id='word_1_157' title='bbox 605 1723 770 1769; x_wconf 89' lang='lat' dir='ltr'>vulnus</span> <span class='ocrx_word' id='word_1_158' title='bbox 789 1723 911 1769; x_wconf 85' lang='lat' dir='ltr'>abiit.</span> <span class='ocrx_word' id='word_1_159' title='bbox 943 1723 1084 1769; x_wconf 84' lang='lat' dir='ltr'>Senfit</span> <span class='ocrx_word' id='word_1_160' title='bbox 1108 1736 1291 1786; x_wconf 84' lang='lat' dir='ltr'>utraque</span> <span class='ocrx_word' id='word_1_161' title='bbox 1312 1723 1430 1770; x_wconf 84' lang='lat' dir='ltr'>acies</span> 
     </span>
     <span class='ocr_line' id='line_1_23' title="bbox 136 1794 1428 1858; baseline 0.001 -17"><span class='ocrx_word' id='word_1_162' title='bbox 136 1795 275 1841; x_wconf 79' lang='lat' dir='ltr'>unius</span> <span class='ocrx_word' id='word_1_163' title='bbox 295 1795 385 1841; x_wconf 87' lang='lat' dir='ltr'>viri</span> <span class='ocrx_word' id='word_1_164' title='bbox 407 1794 581 1852; x_wconf 84' lang='lat' dir='ltr'>casum,</span> <span class='ocrx_word' id='word_1_165' title='bbox 605 1795 876 1858; x_wconf 82' lang='lat' dir='ltr'>cedebatque</span> <span class='ocrx_word' id='word_1_166' title='bbox 897 1795 1000 1841; x_wconf 87' lang='lat' dir='ltr'>inde</span> <span class='ocrx_word' id='word_1_167' title='bbox 1026 1796 1259 1843; x_wconf 85' lang='lat' dir='ltr'>Romanus</span> <span class='ocrx_word' id='word_1_168' title='bbox 1279 1812 1291 1841; x_wconf 77' lang='lat'>2</span> <span class='ocrx_word' id='word_1_169' title='bbox 1322 1812 1428 1843; x_wconf 86' lang='lat' dir='ltr'>cum</span> 
     </span>
     <span class='ocr_line' id='line_1_24' title="bbox 142 1866 1428 1930; baseline 0.001 -17"><span class='ocrx_word' id='word_1_170' title='bbox 142 1870 206 1914; x_wconf 80' lang='lat' dir='ltr'>M.</span> <span class='ocrx_word' id='word_1_171' title='bbox 232 1868 392 1915; x_wconf 79' lang='lat' dir='ltr'>Fabius</span> <span class='ocrx_word' id='word_1_172' title='bbox 422 1866 579 1914; x_wconf 85' lang='lat' dir='ltr'>consul</span> <span class='ocrx_word' id='word_1_173' title='bbox 606 1868 824 1914; x_wconf 77' lang='lat' dir='ltr'>transiluit</span> <span class='ocrx_word' id='word_1_174' title='bbox 850 1867 1034 1929; x_wconf 77' lang='lat' dir='ltr'>jacentis</span> <span class='ocrx_word' id='word_1_175' title='bbox 1057 1885 1251 1930; x_wconf 86' lang='lat' dir='ltr'>corpus,</span> <span class='ocrx_word' id='word_1_176' title='bbox 1273 1866 1428 1929; x_wconf 85' lang='lat' dir='ltr'>objec-</span> 
     </span>
     <span class='ocr_line' id='line_1_25' title="bbox 140 1940 1427 2005; baseline -0.001 -19"><span class='ocrx_word' id='word_1_177' title='bbox 140 1954 274 2005; x_wconf 77' lang='lat' dir='ltr'>taque</span> <span class='ocrx_word' id='word_1_178' title='bbox 303 1958 453 2003; x_wconf 82' lang='lat' dir='ltr'>parma</span> <span class='ocrx_word' id='word_1_179' title='bbox 470 1976 484 1998; x_wconf 85' lang='lat'>,</span> <span class='ocrx_word' id='word_1_180' title='bbox 503 1944 599 1987; x_wconf 85' lang='lat' dir='ltr'>Hoc</span> <span class='ocrx_word' id='word_1_181' title='bbox 615 1941 793 2005; x_wconf 78' lang='lat' dir='ltr'>jurastis</span> <span class='ocrx_word' id='word_1_182' title='bbox 808 1976 821 1998; x_wconf 93' lang='lat'>,</span> <span class='ocrx_word' id='word_1_183' title='bbox 845 1940 1018 2003; x_wconf 86' lang='lat' dir='ltr'>inquit,</span> <span class='ocrx_word' id='word_1_184' title='bbox 1050 1945 1202 1987; x_wconf 77' lang='lat' dir='ltr'>milites</span> <span class='ocrx_word' id='word_1_185' title='bbox 1218 1976 1234 1996; x_wconf 92' lang='lat'>‚</span> <span class='ocrx_word' id='word_1_186' title='bbox 1253 1940 1427 2002; x_wconf 73' lang='lat' dir='ltr'>ficgien-</span> 
     </span>
     <span class='ocr_line' id='line_1_26' title="bbox 139 2015 1427 2081; baseline -0.002 -21"><span class='ocrx_word' id='word_1_187' title='bbox 139 2034 195 2061; x_wconf 75' lang='lat' dir='ltr'>res</span> <span class='ocrx_word' id='word_1_188' title='bbox 227 2035 300 2061; x_wconf 71' lang='grc' dir='ltr'>νος</span> <span class='ocrx_word' id='word_1_189' title='bbox 334 2019 378 2061; x_wconf 76' lang='lat' dir='ltr'>in</span> <span class='ocrx_word' id='word_1_190' title='bbox 409 2016 537 2081; x_wconf 81' lang='lat' dir='ltr'>castra</span> <span class='ocrx_word' id='word_1_191' title='bbox 571 2018 770 2060; x_wconf 76' lang='lat' dir='ltr'>redituros</span> <span class='ocrx_word' id='word_1_192' title='bbox 789 2016 814 2060; x_wconf 59' lang='lat'>‚2</span> <span class='ocrx_word' id='word_1_193' title='bbox 851 2018 954 2060; x_wconf 81' lang='lat' dir='ltr'>adeo</span> <span class='ocrx_word' id='word_1_194' title='bbox 987 2015 1272 2077; x_wconf 56' lang='lat' dir='ltr'>ignai&#39;g&#39;ffinzos</span> <span class='ocrx_word' id='word_1_195' title='bbox 1300 2015 1427 2080; x_wconf 72' lang='lat' dir='ltr'>hostes</span> 
     </span>
     <span class='ocr_line' id='line_1_27' title="bbox 140 2086 1427 2149; baseline -0.002 -16"><span class='ocrx_word' id='word_1_196' title='bbox 140 2093 275 2149; x_wconf 68' lang='lat' dir='ltr'>magis</span> <span class='ocrx_word' id='word_1_197' title='bbox 303 2092 479 2145; x_wconf 77' lang='lat' dir='ltr'>timetis,</span> <span class='ocrx_word' id='word_1_198' title='bbox 504 2107 628 2149; x_wconf 75' lang='lat' dir='ltr'><em>quam</em></span> <span class='ocrx_word' id='word_1_199' title='bbox 650 2088 794 2133; x_wconf 78' lang='lat' dir='ltr'>Jovem</span> <span class='ocrx_word' id='word_1_200' title='bbox 817 2091 1100 2149; x_wconf 59' lang='lat' dir='ltr'>filartetnque,</span> <span class='ocrx_word' id='word_1_201' title='bbox 1118 2107 1197 2148; x_wconf 84' lang='lat' dir='ltr'>per</span> <span class='ocrx_word' id='word_1_202' title='bbox 1226 2104 1325 2146; x_wconf 87' lang='lat' dir='ltr'>quos</span> <span class='ocrx_word' id='word_1_203' title='bbox 1344 2086 1427 2143; x_wconf 82' lang='lat' dir='ltr'>ju-</span> 
     </span>
     <span class='ocr_line' id='line_1_28' title="bbox 140 2162 1425 2228; baseline -0.002 -20"><span class='ocrx_word' id='word_1_204' title='bbox 140 2165 290 2228; x_wconf 66' lang='lat' dir='ltr'>rqslis?</span> <span class='ocrx_word' id='word_1_205' title='bbox 332 2167 397 2206; x_wconf 83' lang='lat' dir='ltr'>At</span> <span class='ocrx_word' id='word_1_206' title='bbox 414 2180 484 2222; x_wconf 76' lang='lat' dir='ltr'>ego</span> <span class='ocrx_word' id='word_1_207' title='bbox 504 2162 715 2217; x_wconf 71' lang='lat' dir='ltr'>injuracus</span> <span class='ocrx_word' id='word_1_208' title='bbox 737 2179 814 2207; x_wconf 78' lang='lat' dir='ltr'>auc</span> <span class='ocrx_word' id='word_1_209' title='bbox 834 2164 962 2209; x_wconf 66' lang='lat' dir='ltr'>vic‘lor</span> <span class='ocrx_word' id='word_1_210' title='bbox 988 2179 1183 2217; x_wconf 63' lang='lat' dir='ltr'>revertar,</span> <span class='ocrx_word' id='word_1_211' title='bbox 1203 2177 1279 2206; x_wconf 84' lang='lat' dir='ltr'>aut</span> <span class='ocrx_word' id='word_1_212' title='bbox 1294 2179 1425 2221; x_wconf 80' lang='lat' dir='ltr'>prope</span> 
     </span>
     <span class='ocr_line' id='line_1_29' title="bbox 139 2233 1460 2294; baseline -0.001 -15"><span class='ocrx_word' id='word_1_213' title='bbox 139 2252 174 2280; x_wconf 84' lang='lat' dir='ltr'>te</span> <span class='ocrx_word' id='word_1_214' title='bbox 204 2237 270 2278; x_wconf 68' lang='lat' dir='ltr'>lzz&#39;c</span> <span class='ocrx_word' id='word_1_215' title='bbox 285 2269 298 2289; x_wconf 87' lang='lat'>‚</span> <span class='ocrx_word' id='word_1_216' title='bbox 329 2235 387 2294; x_wconf 82' lang='lat' dir='ltr'>Q.</span> <span class='ocrx_word' id='word_1_217' title='bbox 405 2235 512 2279; x_wconf 73' lang='lat' dir='ltr'>Fabi</span> <span class='ocrx_word' id='word_1_218' title='bbox 525 2270 539 2289; x_wconf 79' lang='lat'>,</span> <span class='ocrx_word' id='word_1_219' title='bbox 563 2238 772 2280; x_wconf 77' lang='lat' dir='ltr'>dimicans</span> <span class='ocrx_word' id='word_1_220' title='bbox 797 2238 959 2280; x_wconf 80' lang='lat' dir='ltr'><em>cadam.</em></span> <span class='ocrx_word' id='word_1_221' title='bbox 993 2233 1184 2279; x_wconf 78' lang='lat' dir='ltr'>Consuli</span> <span class='ocrx_word' id='word_1_222' title='bbox 1204 2245 1298 2278; x_wconf 87' lang='lat' dir='ltr'>tum</span> <span class='ocrx_word' id='word_1_223' title='bbox 1322 2233 1424 2278; x_wconf 83' lang='lat' dir='ltr'>Cae·</span> <span class='ocrx_word' id='word_1_224' title='bbox 1458 2268 1460 2270; x_wconf 62' lang='grc'><em>»</em></span> 
     </span>
     <span class='ocr_line' id='line_1_30' title="bbox 138 2303 1423 2372; baseline 0 -21"><span class='ocrx_word' id='word_1_225' title='bbox 138 2305 186 2352; x_wconf 78' lang='lat' dir='ltr'>so</span> <span class='ocrx_word' id='word_1_226' title='bbox 223 2305 381 2351; x_wconf 83' lang='lat' dir='ltr'>Fabius</span> <span class='ocrx_word' id='word_1_227' title='bbox 414 2303 578 2366; x_wconf 88' lang='lat' dir='ltr'>prioris</span> <span class='ocrx_word' id='word_1_228' title='bbox 607 2306 713 2351; x_wconf 88' lang='lat' dir='ltr'>anni</span> <span class='ocrx_word' id='word_1_229' title='bbox 741 2306 932 2362; x_wconf 87' lang='lat' dir='ltr'>consul,</span> <span class='ocrx_word' id='word_1_230' title='bbox 958 2308 1147 2367; x_wconf 57' lang='lat' dir='ltr'>Verbzsfize</span> <span class='ocrx_word' id='word_1_231' title='bbox 1177 2308 1296 2372; x_wconf 68' lang='lat' dir='ltr'>ssis,</span> <span class='ocrx_word' id='word_1_232' title='bbox 1319 2305 1423 2364; x_wconf 89' lang='lat' dir='ltr'>fra-</span> 
     </span>
     <span class='ocr_line' id='line_1_31' title="bbox 137 2379 1422 2440; baseline 0 -17"><span class='ocrx_word' id='word_1_233' title='bbox 137 2396 197 2424; x_wconf 64' lang='lat' dir='ltr'>aer</span> <span class='ocrx_word' id='word_1_234' title='bbox 211 2411 224 2433; x_wconf 81' lang='grc'>,</span> <span class='ocrx_word' id='word_1_235' title='bbox 245 2392 487 2440; x_wconf 69' lang='lat' dir='ltr'>utpugtzetzt</span> <span class='ocrx_word' id='word_1_236' title='bbox 500 2412 514 2432; x_wconf 90' lang='lat'>‚</span> <span class='ocrx_word' id='word_1_237' title='bbox 532 2393 566 2421; x_wconf 83' lang='lat' dir='ltr'>te</span> <span class='ocrx_word' id='word_1_238' title='bbox 586 2379 892 2437; x_wconf 79' lang='lat' dir='ltr'>impetraturum</span> <span class='ocrx_word' id='word_1_239' title='bbox 914 2382 1042 2424; x_wconf 69' lang='lat' dir='ltr'>credis</span> <span class='ocrx_word' id='word_1_240' title='bbox 1059 2382 1082 2425; x_wconf 59' lang='grc' dir='ltr'><em>Ρ</em></span> <span class='ocrx_word' id='word_1_241' title='bbox 1112 2381 1201 2424; x_wconf 71' lang='lat' dir='ltr'>Dii</span> <span class='ocrx_word' id='word_1_242' title='bbox 1225 2381 1422 2439; x_wconf 80' lang='lat' dir='ltr'>impetra-</span> 
     </span>
     <span class='ocr_line' id='line_1_32' title="bbox 139 2449 1425 2512; baseline 0.001 -17"><span class='ocrx_word' id='word_1_243' title='bbox 139 2452 244 2495; x_wconf 62' lang='lat' dir='ltr'>l’mzc</span> <span class='ocrx_word' id='word_1_244' title='bbox 258 2482 276 2503; x_wconf 85' lang='lat'><em>,</em></span> <span class='ocrx_word' id='word_1_245' title='bbox 301 2466 377 2512; x_wconf 75' lang='lat' dir='ltr'>per</span> <span class='ocrx_word' id='word_1_246' title='bbox 408 2467 509 2509; x_wconf 83' lang='lat' dir='ltr'>quos</span> <span class='ocrx_word' id='word_1_247' title='bbox 531 2449 733 2504; x_wconf 67' lang='lat' dir='ltr'>juravere.</span> <span class='ocrx_word' id='word_1_248' title='bbox 786 2452 847 2495; x_wconf 76' lang='lat' dir='ltr'>Et</span> <span class='ocrx_word' id='word_1_249' title='bbox 877 2469 954 2497; x_wconf 84' lang='lat' dir='ltr'>nos</span> <span class='ocrx_word' id='word_1_250' title='bbox 973 2487 985 2509; x_wconf 90' lang='lat'>,</span> <span class='ocrx_word' id='word_1_251' title='bbox 1008 2468 1053 2495; x_wconf 76' lang='lat' dir='ltr'>uc</span> <span class='ocrx_word' id='word_1_252' title='bbox 1081 2454 1189 2497; x_wconf 78' lang='lat' dir='ltr'>decet</span> <span class='ocrx_word' id='word_1_253' title='bbox 1207 2467 1390 2512; x_wconf 81' lang='lat' dir='ltr'>proceres</span> <span class='ocrx_word' id='word_1_254' title='bbox 1407 2484 1425 2508; x_wconf 86' lang='lat'><strong>,</strong></span> 
     </span>
    </p>
   </div>
  </div>
 </body>
</html>
