1582 2793
314 191 1158 241 HlsTontARUML13.1.
1326 211 1391 257 77

81 296 308 363 binosque
340 315 397 345 ex
423 298 618 362 singulis.
658 298 718 345 ita
739 299 978 363 geminatis
1006 300 1247 365 manipulis
1280 318 1391 350 cen-

82 373 291 420 turiones
319 371 549 435 imposuit.

153 449 262 494 LIII.
292 447 388 493 Nec
406 483 419 505 ‚
448 459 500 493 ut
521 445 710 507 injustus
736 444 783 490 in
813 461 923 508 pace
946 461 1027 491 rex
1044 481 1058 504 ‚
1094 446 1150 492 ita
1173 448 1263 494 dux
1284 448 1392 495 belli

85 536 253 585 pravus
290 518 388 567 fuit.
430 520 541 584 quin
576 536 626 566 ea
667 532 760 566 arte
796 519 1006 583 aequasset
1038 519 1291 583 superiores
1321 539 1395 569 re-

86 611 189 659 ges,
220 593 267 640 ni
304 594 629 658 degeneratum
667 595 714 642 in
751 594 848 642 aliis
882 595 985 642 huic
1022 612 1207 660 quoque
1238 598 1395 645 decori

87 667 322 716 offecisset.
354 671 390 716 Is
410 670 581 732 primus
603 669 783 717 Volscis
802 669 973 716 bellum
993 669 1039 715 in
1058 669 1281 718 ducentos
1300 689 1398 717 am-

88 741 209 806 plius
243 741 345 805 post
373 741 494 790 suam
516 755 693 790 aetatem
721 759 867 789 annos
898 742 1077 802 movit,
1109 743 1398 807 Suessamque

90 816 344 862 Pometiam
367 832 423 862 ex
446 817 513 863 his
533 817 578 863 vi
601 816 732 879 cepit.
767 816 847 863 ubi
880 834 984 864 cum
1013 817 1260 864 dividenda
1286 835 1399 880 prae-

93 888 150 935 da
182 889 513 953 quadringenta
546 889 716 936 talenta
736 889 911 953 argenti
940 890 1127 954 aurique
1152 889 1402 947 refecissem

95 962 313 1026 concepit
349 963 504 1010 animo
540 980 638 1011 eam
671 963 1015 1026 amplitudinem
1048 964 1176 1012 Jovis
1207 964 1401 1027 templi,

95 1053 199 1100 quae
228 1036 363 1100 digna
393 1035 549 1083 Destm
574 1037 906 1100 hominumque
935 1053 1067 1100 rege,
1097 1054 1199 1101 quae
1227 1037 1401 1084 Roma-

98 1129 161 1160 no
191 1111 416 1175 imperio,
447 1129 548 1175 quae
576 1112 710 1175 ipfius
742 1113 877 1159 etiarn
899 1113 993 1160 loci
1022 1113 1250 1175 majestate
1280 1113 1402 1161 effer.

98 1186 345 1247 Captivam
376 1187 619 1248 pecuniam
651 1188 698 1234 in
733 1186 1085 1235 aedificationem
1118 1186 1213 1249 ejus
1243 1188 1403 1251 templi

98 1257 309 1321 seposuit.
347 1259 540 1322 Excepit
570 1260 731 1307 deinde
762 1279 866 1308 eum
899 1262 1063 1308 lentius
1098 1260 1173 1323 spe
1199 1261 1368 1308 bellum
1386 1298 1402 1319 ,

99 1347 196 1395 quo
220 1331 395 1380 Gabios
413 1369 426 1391 ,
454 1335 759 1397 propinquam
790 1332 979 1391 urbem,
1010 1334 1317 1398 nequidquam
1355 1335 1407 1382 vi

101 1406 289 1454 adortus
307 1443 320 1463 ‚
358 1425 460 1454 cum
491 1405 728 1452 obfidendi
757 1423 944 1470 quoque
964 1408 1124 1454 urbem
1151 1407 1247 1469 spes
1274 1409 1406 1470 pulso

103 1496 128 1526 a
161 1478 391 1525 moenibus
428 1479 602 1526 ademta
635 1479 777 1537 effet,
814 1479 1048 1542 postremo
1086 1479 1273 1527 minime
1312 1492 1409 1525 arte

103 1554 345 1612 Romana,
373 1554 526 1601 fraude
545 1572 598 1602 ac
619 1555 730 1601 dolo
746 1591 759 1614 ‚
784 1554 1004 1619 aggressus
1026 1553 1100 1601 est.
1132 1571 1235 1600 nam
1275 1571 1409 1614 cum,

105 1628 239 1676 velut
276 1628 426 1691 pofito
460 1628 617 1687 bello,
656 1627 964 1675 fundamentis
997 1626 1156 1689 templi
1192 1625 1411 1687 jaciendis

106 1702 290 1766 aliisque
318 1702 500 1749 urbanis
532 1703 746 1766 operibus
781 1703 1007 1749 intentum
1035 1699 1077 1746 se
1112 1699 1197 1746 effe
1228 1700 1413 1748 fimula-

104 1789 204 1831 vret;
233 1776 395 1822 Sextus
416 1774 531 1838 filius
554 1775 591 1837 ej
601 1793 649 1822 us
670 1813 683 1834 ‚
712 1775 793 1839 qui
813 1774 1028 1821 minimus
1047 1790 1103 1820 ex
1125 1773 1267 1820 tribus
1289 1787 1382 1821 erat
1396 1812 1412 1834 ,

109 1848 351 1913 transfugit
370 1867 425 1895 ex
449 1849 708 1912 composito
729 1849 903 1895 Gabios
920 1884 934 1907 ‚
965 1847 1104 1911 patris
1125 1847 1172 1893 in
1205 1846 1247 1893 se
1275 1845 1414 1894 saevi-

110 1924 219 1970 tiam
250 1923 586 1970 intolerabilem
623 1940 942 1987 conquerens:
977 1925 1076 1971 ,Iam
1105 1924 1158 1967 ab
1188 1925 1341 1968 alienis
1365 1925 1414 1968 irz

100 2000 209 2061 fitos
237 1998 390 2063 vertzffi
401 2000 643 2060 superbiam
664 2019 679 2045 .·
715 1997 758 2045 G·
784 2002 1001 2045 liberorum
1031 2014 1188 2057 quoque
1217 2014 1307 2041 eum
1321 1995 1414 2054 sre-

56 2124 57 2127 ,
113 2077 284 2135 qzcetztiae
318 2076 456 2119 medere
473 2092 492 2128 ;
524 2091 596 2130 ut,
628 2093 754 2135 quam
789 2077 835 2119 in
868 2075 983 2118 curia
1001 2071 1280 2131 solitudinem
1300 2069 1416 2128 fece-

113 2149 194 2202 rit,
229 2147 345 2190 domi
371 2164 525 2206 quoque
542 2145 720 2204 flzcirzt:
753 2164 803 2190 ne
836 2163 961 2205 quam
979 2144 1180 2210 stirpem,
1217 2160 1268 2186 ne
1297 2160 1414 2202 quem

115 2223 295 2267 heredem
323 2225 439 2283 regni
458 2225 674 2282 relinquat.
708 2225 741 2265 S
746 2240 763 2267 c
782 2223 948 2282 quidem
969 2254 981 2274 ,
1010 2221 1117 2263 inter
1141 2220 1223 2262 tela
1251 2215 1293 2263 ἃ
1318 2221 1414 2278 gla-

116 2296 212 2340 dios
225 2298 362 2355 patris
382 2296 533 2356 elapfic
531 2292 1001 2357 n‚72ilzilul‹1uamslz
1017 2307 1182 2347 tutum,
1202 2288 1288 2353 rust
1300 2292 1419 2348 apud

117 2369 245 2434 lzostes
269 2371 312 2412 L
333 2369 580 2428 Tarquinii,
601 2365 828 2429 credidiffe.
864 2368 1011 2420 Nam,
1030 2383 1080 2409 ne
1099 2382 1223 2409 ενιναν
1217 2379 1306 2417 nt,
1324 2380 1442 2434 ηια-ἶ

119 2460 209 2487 nere
236 2443 302 2487 lu's
321 2444 362 2486 b
356 2444 469 2486 ’llum
488 2475 502 2497 ,
534 2439 835 2504 quodpcfitlcm
846 2438 1103 2503 fimuletur;
1135 2434 1178 2481 δ’
1198 2454 1275 2495 per
1297 2453 1419 2479 occa-

106 2516 271 2583 sonem
290 2532 379 2561 eum
400 2516 591 2561 incautos
609 2513 869 2574 invajurum.
896 2512 1029 2573 Quod
1029 2509 1080 2573 st
1095 2510 1213 2569 apud
1236 2525 1303 2553 eos
1309 2507 1418 2567 sup-
