1582 2793
338 205 939 253 HISTORIARUM
984 206 1213 253 marr.
1322 221 1408 252 101

125 311 204 359 ubi
241 329 361 361 nunc
392 312 645 378 Vicaepotae
682 312 779 373 est,
814 312 978 360 domus
1013 314 1058 359 in
1092 313 1251 362 infimo
1286 313 1412 362 clivo

124 385 358 434 aedificata.

192 462 305 522 VIIJ.
337 461 454 506 Latae
483 459 644 506 deinde
674 460 818 523 leges,
851 477 945 507 non
980 460 1123 507 solum
1156 479 1256 524 quae
1285 462 1413 526 regni

126 532 381 597 suspicione
400 534 629 581 consulem
658 534 974 591 absolverent,
1002 532 1074 579 sed
1105 551 1204 598 quae
1226 535 1338 580 adeo
1366 536 1411 582 in

126 607 407 653 contrarium
438 619 669 653 verterent
691 643 704 666 ‚
738 618 787 652 ut
823 606 1089 669 popularem
1123 606 1255 651 etiam
1292 606 1414 652 face-

124 690 240 726 rent.
284 679 389 724 inde
418 694 675 742 cognomen
710 677 875 725 faCtum
908 677 1158 724 Publicolae
1197 676 1271 723 est.
1311 692 1414 724 ante

125 765 288 799 omnes
325 752 378 798 de
414 752 754 815 provocatione
794 750 1004 798 adversus
1038 749 1316 814 magistratus
1360 750 1415 796 ad

123 823 349 886 populum
363 860 379 882 ‚
408 823 715 885 sacrandoque
736 839 841 868 cum
867 821 1002 869 bonis
1022 821 1166 884 capite
1184 820 1278 881 ejus
1298 858 1313 880 ‚
1335 821 1414 885 qui

123 897 252 960 regni
285 897 539 960 occupandi
576 894 761 942 confilia
794 894 969 953 inisset,
1002 907 1138 957 gratae
1171 894 1219 940 in
1250 895 1413 957 vulgus

123 968 244 1033 leges
265 969 400 1017 fuere.
421 972 547 1032 Quas
561 986 665 1016 cum
689 967 810 1016 solus
827 969 1096 1032 pertulisset,
1118 985 1168 1015 ut
1186 968 1420 1016 suaunius.

122 1043 173 1090 :in
206 1044 275 1091 his
309 1043 449 1108 gratia
486 1044 624 1102 esset,
661 1056 760 1090 turn
801 1043 962 1089 deinde
1000 1042 1188 1090 comitia
1225 1043 1415 1106 collegae

123 1118 413 1183 subrogando
438 1118 611 1166 habuit.
645 1119 833 1164 Creatus
859 1117 932 1180 Sp.
962 1117 1195 1163 Lucretius
1227 1116 1382 1187 consul
1400 1153 1416 1176 ‚

121 1192 202 1255 qui
241 1207 408 1255 magno
444 1204 583 1249 natu,
622 1207 717 1236 non
752 1189 1075 1236 sufficientibus
1106 1189 1196 1253 jam
1236 1190 1414 1237 viribus

122 1265 181 1311 ad
203 1263 452 1311 consularia
486 1280 671 1311 munera
701 1262 942 1320 obeunda,
973 1263 1091 1310 intra
1116 1280 1288 1325 paucos
1318 1264 1413 1311 dies

122 1337 332 1384 moritur.
365 1336 582 1385 Suffefihis
614 1337 661 1383 in
691 1335 889 1383 Lucretii
916 1335 1070 1383 locum
1105 1338 1168 1383 M.
1196 1336 1414 1383 Horatius

123 1409 362 1457 Pulvillus.
396 1410 533 1473 Apud
560 1409 779 1474 quosdam
807 1420 981 1456 veteres
997 1409 1200 1456 audior&
1227 1425 1323 1456 non
1344 1409 1414 1455 in-

121 1482 265 1530 venio
287 1482 544 1529 Lucretium
571 1481 816 1529 consulem.
849 1481 992 1526 Bruto
1011 1479 1153 1527 statim
1172 1481 1414 1543 Horatium

123 1554 377 1619 suggerunt.
411 1556 550 1603 credo
567 1591 580 1615 ,
603 1557 707 1619 quia
727 1554 849 1602 nulla
872 1554 989 1618 gesta
1015 1571 1085 1601 res
1103 1554 1323 1618 infignem
1346 1553 1410 1600 fe-

121 1631 236 1677 cerit
266 1629 547 1677 consulatum
570 1666 584 1688 ,
618 1629 839 1675 memoria
867 1627 1152 1675 intercidisse.
1190 1628 1410 1674 Nondum

121 1704 327 1751 dedicata
349 1715 440 1750 erat
462 1703 508 1749 in
528 1703 762 1766 Capitolio
782 1702 911 1750 Jovis
930 1702 1059 1749 aedes'.
1082 1701 1291 1748 Valerius
1313 1703 1412 1748 Ho-

121 1778 350 1842 ratiusque
379 1777 585 1825 consules
614 1765 785 1836 sortiti,
813 1792 913 1822 uter
936 1775 1176 1824 dedicaret.
1213 1776 1409 1822 Horatio

122 1855 244 1902 sorte
273 1854 444 1901 evenit.
480 1851 716 1898 Publicola
742 1852 797 1897 ad
818 1848 1078 1911 Veientium
1107 1849 1275 1896 bellum
1303 1866 1409 1911 pro-

121 1925 276 1973 fefius.
311 1926 516 1990 AEgrius,
546 1941 681 1987 quam
716 1923 899 1986 dignum
926 1934 1046 1980 erat,
1079 1921 1222 1968 tulere
1244 1922 1410 1968 Valerii

122 1999 385 2059 necessarii,
415 1998 748 2046 dedicationem
780 2010 871 2044 tam
898 1997 1045 2045 incliti
1077 1997 1233 2060 templi
1256 1998 1409 2042 Hora-

119 2072 191 2119 tio
216 2071 327 2119 dari.
357 2071 403 2118 id
424 2069 636 2116 omnibus
654 2068 802 2115 modis
830 2068 1050 2130 impedire
1080 2067 1261 2125 conati,
1291 2066 1410 2129 postae

121 2162 260 2208 quam
286 2144 368 2191 alia
393 2143 551 2190 frustra
580 2154 747 2191 tentata
769 2155 925 2201 erant,
954 2141 1127 2205 postem
1148 2140 1238 2202 jam
1257 2155 1410 2188 tenen—

119 2219 157 2265 ti
190 2216 363 2267 consuli
394 2217 571 2264 foedum
609 2216 729 2263 inter
761 2214 1071 2279 precationem
1103 2213 1259 2260 Defim
1292 2230 1411 2261 nun-

120 2291 238 2337 tium
268 2291 525 2338 incutiunt:
555 2294 772 2338 Mortuum
804 2290 896 2347 ejus
915 2281 1062 2349 filium
1094 2284 1165 2352 eſjk
1183 2322 1195 2341 ‚
1219 2287 1411 2352 fimesta·

121 2384 197 2426 que
218 2364 400 2424 famili&
435 2369 622 2412 dedicare
657 2384 748 2411 eum
782 2367 978 2425 templum
1011 2380 1098 2408 non
1123 2359 1254 2423 poffi.
1302 2359 1344 2404 N
1350 2374 1412 2404 on

119 2437 362 2485 crediderit
391 2437 552 2486 faftum
575 2475 591 2497 ‚
627 2455 683 2486 an
709 2450 886 2485 tantum
915 2436 1069 2484 animo
1098 2433 1278 2479 roboris
1309 2430 1413 2478 fue-

123 2510 211 2569 rit,
243 2527 326 2560 nec
352 2511 542 2559 traditur
571 2527 744 2559 certum
760 2547 782 2570 ,
806 2527 890 2557 nec
918 2506 1231 2570 interpretatio
1261 2504 1323 2550 est
1344 2503 1412 2550 fa-

1054 2583 1099 2627 G
1139 2597 1161 2642 3
