1582 2793
284 174 899 222 HISTORIARUM
949 177 1224 225 LIB.III.
1330 195 1415 243 243

118 283 211 329 aeia
230 283 391 330 Romae
412 284 671 343 audierant,
687 284 956 347 perturbati,
972 285 1085 331 alius
1107 287 1152 332 in
1173 287 1305 334 aliam
1328 307 1420 351 par·

118 368 211 401 tem
244 355 492 405 castrorum
525 358 580 404 ad
609 357 826 403 sedandos
856 370 1006 403 motus
1050 349 1336 408 discurrunt:
1371 363 1423 410 &

120 427 283 475 leniter
313 430 546 494 agentibus
581 429 842 494 responsum
878 446 972 476 non
1007 433 1242 480 redditur:
1278 435 1423 497 impe-

121 501 239 548 rium
269 503 300 549 s1
335 503 436 567 quis
469 504 723 562 inhiberet,
749 502 791 550 ἃ
820 507 933 550 viros
954 503 996 550 G*
1023 523 1209 550 armans
1235 509 1286 567 sk
1315 506 1386 570 effi
1407 544 1422 566 ‚

122 575 436 641 respondetur.
471 583 590 625 Eunt
619 579 799 643 agmine
836 579 890 624 ad
922 579 1112 638 urbem,
1145 583 1194 627 ὃ(
1226 567 1424 628 Aventi—

122 666 235 696 num
263 651 490 707 infidunt;
530 664 580 698 ut
616 651 807 715 quisque
840 663 1130 709 occurrerat,
1160 652 1346 714 plebem
1368 655 1426 700 ad

121 725 412 786 repetendam
439 725 692 772 libertatem
723 724 1029 787 creandosque
1054 725 1261 772 tribunos
1281 727 1425 788 plebis

123 797 430 846 adhortantes.
484 799 569 846 alia
603 815 704 845 vox
745 797 868 843 nulla
900 797 1106 844 violenta
1146 799 1297 845 audita
1347 798 1424 844 est.

124 870 338 918 Senatum
368 874 442 936 Sp.
463 873 643 935 Oppius
666 871 827 918 habet:
854 871 968 916 nihil
990 871 1137 932 placet
1154 870 1304 933 aspere
1326 871 1424 935 agi:

124 943 296 1008 quippe
325 946 381 992 ab
416 945 518 1008 ipfis
545 945 696 990 datum
729 944 881 990 locum
919 943 1152 991 seditionis
1180 944 1278 991 effe.
1316 943 1427 991 Mit-

123 1027 286 1064 tuntur
313 1030 402 1064 tres
423 1017 558 1081 legati
590 1014 876 1072 consulares,
896 1016 971 1077 Sp.
994 1015 1245 1078 Tarpejus,
1269 1017 1323 1063 C.
1347 1019 1425 1064 Ju-

125 1089 241 1149 lius,
272 1092 318 1136 P.
347 1089 600 1153 Sulpicius,
633 1088 709 1151 qui
744 1099 1000 1151 quaererent
1030 1087 1203 1135 senatus
1239 1090 1389 1137 verbis
1410 1128 1425 1150 ‚

127 1166 247 1220 cujus
265 1163 387 1228 juffic
421 1164 551 1229 castra
578 1160 877 1225 defiruiſj'em?
914 1178 986 1207 aut
1012 1165 1114 1223 quid
1126 1162 1215 1227 sibi
1241 1168 1392 1210 vellent
1410 1197 1427 1221 ,

126 1242 198 1301 qui
234 1240 387 1284 armati
422 1239 684 1283 Aventinum
722 1233 965 1297 obfidiffetzt
987 1237 1011 1280 .>
1057 1237 1237 1296 belloque
1283 1239 1429 1299 aversi>

125 1314 180 1358 ab
200 1312 379 1377 hostibus
395 1312 585 1372 patriam
604 1308 731 1372 sicam
749 1305 933 1372 cepiffimc
950 1309 975 1352 ἓ
996 1307 1107 1352 Non
1128 1307 1270 1354 defuit
1283 1344 1296 1366 ,
1318 1308 1431 1371 quid

125 1382 474 1447 responderetur
495 1400 504 1428 :
532 1382 682 1428 deerat
698 1417 711 1438 ,
734 1381 814 1443 qui
844 1380 966 1426 daret
997 1379 1257 1442 responsum
1276 1417 1290 1439 ,
1325 1383 1430 1429 nul-

126 1456 176 1504 lo
199 1457 305 1504 dum
328 1467 454 1504 certo
476 1453 588 1501 duce
603 1491 618 1513 ‚
635 1471 718 1501 nec
743 1452 842 1500 satis
866 1453 1131 1500 audentibus
1155 1453 1336 1517 singulis
1359 1453 1428 1499 in·

128 1531 267 1581 vidiae
300 1529 343 1578 se
376 1529 554 1577 offerre.
598 1528 644 1573 id
672 1528 814 1574 modo
850 1544 873 1574 a
912 1525 1198 1576 multitudine
1237 1523 1435 1574 concla-¹

128 1618 301 1656 matum
333 1604 422 1663 est,
454 1620 500 1650 ut
533 1604 582 1649 L.
615 1605 829 1649 Valerium
863 1599 904 1647 δ’
931 1603 998 1646 .Μ.
1033 1599 1262 1646 Horatium
1297 1604 1358 1647 ad
1378 1603 1430 1663 fi

130 1685 345 1729 mitterent.
387 1681 453 1725 lzis
473 1679 525 1739 fi
550 1679 723 1723 daturos
751 1675 1001 1736 rcſjaonficm.

196 1755 265 1801 LI.
301 1750 505 1799 Dimiffis
536 1748 720 1813 legatis,
742 1748 957 1794 admonet
976 1744 1140 1794 milites
1163 1745 1431 1812 Virginius,

128 1831 176 1876 itz
207 1847 246 1875 re
278 1845 366 1873 non
402 1828 596 1872 maxima
624 1827 760 1886 paulo
793 1839 889 1870 ante
916 1825 1167 1884 trepidatum
1199 1820 1304 1887 effi,
1330 1825 1431 1884 quia

117 1903 214 1970 sine
240 1905 371 1964 capite
397 1904 622 1947 multitudo
643 1899 804 1959 fuerit:
830 1898 1143 1960 reſjvonsumqne
1158 1929 1172 1952 ‚
1191 1915 1431 1958 quanquam

131 1995 217 2022 non
250 1978 482 2031 inutiliter,
503 1975 689 2034 fortuito
719 1990 858 2019 tamen
887 1975 1022 2035 magis
1053 1971 1277 2032 conftrzfic,
1306 1988 1431 2031 quam

131 2053 340 2098 communi
368 2049 538 2115 consilio
570 2047 654 2113 effe.
697 2052 863 2096 Placere
887 2050 1019 2093 decem
1047 2049 1203 2102 creari,
1221 2048 1298 2111 qui
1308 2046 1435 2106 sum-

131 2142 206 2169 mae
242 2126 297 2169 rei
321 2120 556 2187 praeffm,
583 2122 1008 2183 militarique-honore
1034 2120 1222 2164 tribunos
1251 2120 1433 2163 militum

133 2200 350 2259 appellari.
379 2197 499 2243 Cum
525 2197 579 2242 ad
607 2213 710 2242 eum
740 2195 883 2258 ipsum
909 2193 1104 2257 primum
1129 2191 1164 2238 is
1184 2189 1335 2237 honos
1358 2190 1435 2236 de-

133 2270 325 2317 ferretur
343 2306 358 2329 ,
395 2271 644 2319 Melioribus
679 2273 780 2316 meis
810 2269 1022 2336 vestrisque
1054 2269 1170 2313 rebus
1204 2267 1398 2327 reservate
1418 2299 1435 2323 ,

133 2343 285 2406 inquit
304 2378 318 2401 ‚
339 2346 415 2411 ista
445 2348 494 2390 de
521 2364 583 2391 me
609 2344 792 2402 judicia.
825 2347 914 2391 Nec
942 2344 1046 2388 mihi
1064 2343 1166 2402 filia
1196 2344 1333 2386 inulta
1356 2342 1437 2385 lzo—

133 2436 273 2464 norem
303 2421 436 2464 ullum
456 2418 699 2476 jucundum
727 2419 798 2485 effi
815 2422 984 2481 patitur
990 2437 1009 2474 ,·
1028 2436 1099 2463 nec
1126 2420 1170 2462 in
1192 2417 1438 2477 perturbatae

136 2493 341 2551 republica
373 2510 441 2538 eos
472 2496 572 2540 utile
604 2495 657 2559 est
676 2492 842 2557 praeeffl
869 2493 1016 2550 vobis,
1046 2492 1116 2550 qui
1143 2491 1336 2550 proximi
1367 2490 1439 2534 in·
1477 2477 1493 2492 ⁸

1047 2563 1161 2622 <22
