1582 2793
242 149 849 202 HISTORIARUM
898 153 1031 199 LIB.
1080 152 1142 200 11.
1251 166 1334 200 ιιι

44 267 194 311 herme
217 262 301 328 effi.
337 267 398 308 ita
423 258 633 325 induxsffe
656 264 703 306 in
728 263 917 305 animum
935 295 949 317 ‚
971 264 1150 329 hostibus
1169 266 1339 324 potins,

46 357 173 400 quam
195 340 352 399 regibus
366 372 381 393 ,
403 352 550 397 portas
574 334 819 395 patefacere.
852 336 965 379 Eam
983 334 1058 396 effi
1084 341 1339 382 voluntatem

49 414 239 457 omnium
256 445 271 468 ‚
299 426 365 466 ut,
395 411 466 470 qui
497 410 676 454 libertati
699 410 774 453 erit
792 411 838 453 ln
867 410 944 452 illa
968 410 1176 467 urbcfinls
1193 445 1206 467 ‚
1232 414 1342 456 idem

48 484 219 549 urbist't.
252 486 460 540 Proinde,
478 481 529 546 st
543 482 717 543 fizlram
748 479 818 546 effi:
838 485 955 528 vellet
971 483 1154 527 Romam
1168 519 1182 539 ,
1205 502 1344 544 urpa-

50 562 183 605 tiatur
215 560 384 603 liberam
411 553 510 620 effe,
547 574 674 600 orare.
707 554 806 600 Rex
824 589 837 612 ,
865 554 1142 600 verecundia
1169 555 1344 614 νίξὶῑιε,

52 633 241 694 Quando
269 632 318 676 id
344 646 494 675 certum
520 645 639 689 acque
673 630 917 695 obstinatum
948 630 1027 695 est,
1057 627 1235 692 inquit,
1268 636 1345 676 niz-

51 724 127 767 que
150 723 222 767 ego
251 706 478 750 obtundam
499 703 662 763 saepius
683 705 822 748 eadem
844 706 1120 764 nequidquam
1149 709 1312 766 agendo
1328 724 1346 751 :

51 796 125 823 nec
153 779 406 838 Tarquinios
425 777 504 838 spe
531 779 693 821 auxilii
710 812 725 833 ,
762 779 877 838 quod
904 779 1067 823 nullum
1101 779 1146 822 in
1178 796 1241 823 me
1265 781 1346 846 est,

44 851 292 918 frustrabor.
327 853 477 897 Alium
503 853 601 896 hinc
615 885 630 906 ‚
641 850 720 910 fi’u
738 853 842 895 hello
862 867 965 910 opus
992 849 1045 913 est
1055 884 1069 907 ,
1089 850 1167 909 fiu
1186 847 1315 910 qiciete
1328 887 1347 908 ,

52 925 202 988 cnsilio
231 940 418 985 quaenmt
439 928 573 970 locum
590 958 604 980 ,
630 943 679 969 ne
698 926 804 983 quid
818 942 951 969 meam
972 924 1180 984 vobfium
1198 944 1346 986 pacem

55 997 259 1062 dzstineat.
311 996 457 1046 DiGtis
500 995 614 1042 faita
650 995 868 1042 amiciora
907 995 1102 1057 adjecit:
1140 997 1348 1045 obsidum

54 1072 182 1133 quod
216 1070 438 1132 reliquum
469 1081 590 1128 erat,
627 1069 854 1117 reddidit:
890 1086 1046 1132 agrum
1077 1069 1346 1132 Vejentem,

55 1142 230 1190 foedere
263 1143 316 1190 ad
335 1143 586 1191 Janiculum
613 1141 702 1189 iffi>
726 1143 951 1190 ademtum
967 1178 981 1200 ,
1007 1142 1210 1191 restituit.
1234 1146 1349 1192 Tar-

54 1217 236 1280 quinius
250 1253 264 1276 ,
291 1216 364 1279 spe
385 1217 514 1264 omni
536 1217 702 1263 reditus
734 1215 869 1264 incisa
889 1253 902 1274 ‚
933 1216 1179 1264 exsulatum
1200 1219 1255 1265 ad
1275 1236 1348 1282 ge·-

56 1307 215 1338 nerum
251 1290 505 1338 Mamilium
534 1289 779 1337 Ofitavium
809 1288 1059 1337 Tusculum
1090 1290 1215 1339 abiit.
1249 1292 1350 1339 Ro-

56 1365 201 1413 manis
230 1382 318 1428 pax
351 1363 438 1411 fida
466 1364 525 1411 ita
557 1381 661 1412 cum
683 1362 876 1411 Porsena
895 1362 995 1412 fuit.

122 1441 248 1488 XV1.
282 1438 507 1487 Consules
535 1441 599 1488 M.
630 1438 836 1486 Valerius
856 1475 869 1498 ‚
895 1439 943 1486 P.
967 1438 1237 1487 Postumius.
1279 1443 1347 1488 Eo

57 1533 179 1563 anno
199 1515 314 1562 bene
340 1529 587 1581 pugnatum
617 1533 721 1563 cum
739 1513 929 1562 Sabinis.
969 1514 1175 1562 consules
1192 1515 1349 1563 trium-

57 1590 268 1652 pharunt.
300 1589 477 1651 Majore
495 1590 598 1638 inde
621 1590 742 1637 mole
756 1588 905 1636 Sabini
923 1589 1092 1636 bellum
1119 1591 1350 1652 parabant.

59 1664 270 1712 adversus
301 1681 409 1723 eos,
449 1666 498 1712 ὅ(
527 1681 583 1711 ne
615 1664 725 1730 quid
756 1663 883 1710 simul
916 1665 971 1710 ab
999 1663 1201 1712 Tusculo
1234 1663 1352 1728 (un-

59 1740 145 1797 de,
183 1739 260 1786 ets1
298 1756 395 1786 non
435 1751 674 1802 apertum,
715 1737 962 1801 suspectum
997 1749 1145 1784 tamen
1183 1738 1351 1786 bellum

62 1812 188 1875 erat)
227 1812 451 1875 repentini
479 1811 670 1875 periculi
689 1811 916 1869 oriretur,
937 1811 984 1858 P.
999 1812 1203 1858 Valerius·
1223 1829 1353 1876 quar·

59 1897 188 1944 tum,
217 1886 274 1932 T.
303 1878 534 1933 Lucretius
565 1885 740 1937 iterumx
759 1883 966 1932 consules
999 1882 1116 1931 faeti.
1150 1884 1353 1944 Seditio,

60 1958 179 2006 inter
210 1958 316 2006 belli
349 1957 556 2021 pacisque
586 1958 789 2005 aufflores
813 1970 914 2004 orta
949 1957 996 2002 in
1026 1957 1201 2004 Sabinis
1219 1993 1234 2017 ‚
1267 1958 1353 2005 ali·

61 2046 279 2096 quantum
297 2032 401 2078 inde
425 2032 594 2079 virium
614 2031 839 2078 transtulit
870 2031 925 2078 ad
946 2031 1198 2079 Romanos.
1229 2049 1352 2079 nam·

61 2122 149 2170 que
170 2108 301 2153 Attus
319 2104 528 2163 Clausus,
555 2104 628 2152 cui
646 2104 799 2168 postea
825 2106 910 2167 Ap.
931 2103 1128 2151 Claudio
1150 2102 1240 2150 fuit
1258 2105 1354 2151 Ro-

59 2195 148 2226 mae
174 2195 344 2225 nomen
362 2214 376 2237 ,
411 2195 513 2225 cum
542 2178 662 2242 pacis
692 2177 784 2242 ipse
808 2178 965 2224 au&or
997 2194 1023 2224 a
1045 2176 1355 2224 turbatoribus

62 2250 171 2298 belli
207 2263 514 2315 premeretur,
546 2267 630 2299 nec
662 2267 742 2314 par
781 2243 968 2297 faffioni
1004 2250 1110 2297 effet
1130 2287 1144 2309 ‚
1177 2251 1232 2297 ab
1261 2252 1353 2297 Re·-

63 2324 203 2388 gillo,
236 2343 396 2390 magna
422 2326 655 2373 clientium
685 2327 927 2373 comitatus
958 2342 1095 2372 manu
1113 2361 1128 2384 ‚
1159 2325 1353 2371 Romam

63 2400 309 2464 transfugit.
333 2401 427 2448 -His
447 2402 609 2449 civitas
630 2401 745 2459 data,
763 2419 955 2466 agerque
976 2414 1095 2447 trans
1115 2400 1350 2447 Anienem.

65 2485 198 2522 vetus
228 2473 419 2524 Claudia
450 2475 623 2536 tribuS,
664 2475 826 2524 additis
857 2474 1014 2540 postea
1046 2471 1181 2522 novis
1214 2471 1357 2526 tribu-⁴
