1582 2793
287 159 1160 211 H1STOR1ARUML113.1.
1331 177 1387 221 17

90 267 143 317 ad
175 270 424 317 concilium
454 266 771 326 multitudine,
807 285 908 332 quae
937 269 1186 317 coalescere
1222 268 1266 316 iu
1302 287 1389 333 po-

92 341 190 405 puli
228 342 361 388 unius
393 355 561 403 corpus
591 339 712 386 nulla
744 355 790 386 re
811 374 825 396 ‚
855 351 1153 403 praeterquam
1185 341 1390 406 legibus,

92 426 301 478 poterat,
334 412 432 476 jura
466 411 604 458 dedit.
638 428 740 475 qua:
778 411 838 458 ita
868 410 1011 458 saneta
1047 414 1196 474 generi
1234 414 1389 460 homi·

94 502 206 532 num
236 485 392 549 agresti
421 483 521 530 fore
550 496 668 530 ratus
686 520 698 543 ‚
733 484 764 530 fi
790 485 832 531 se
861 484 953 548 ipse
985 487 1292 533 venerabilem
1316 489 1390 534 in-

92 559 292 623 signibus
320 558 496 622 imperii
527 557 725 615 fecisset,
758 575 860 605 cum
888 575 1041 607 cetero
1072 560 1227 607 habitu
1255 560 1294 607 se
1315 579 1393 609 au-

90 632 332 696 gustiorem
352 668 366 691 ,
397 645 493 679 tum
513 631 709 679 maxime
738 632 972 681 liffioribus
1003 633 1246 681 duodecim
1273 634 1394 683 sum-

93 707 150 754 tis
165 742 178 765 ,
200 704 319 753 fecit.
349 705 442 751 Alii
461 705 517 752 ab
536 721 730 751 numero
753 705 909 753 avium
926 742 940 765 ,
959 724 1061 771 quae
1080 707 1271 772 augurio
1291 727 1391 774 reg-

95 796 205 825 num
231 777 582 840 portenderant,
601 791 714 836 eum
740 776 940 824 secutum
961 796 1196 827 numerum
1217 792 1391 844 putant.

97 868 170 899 me
200 851 318 898 haud
344 850 542 913 poenitet
571 865 731 899 eorum
760 849 991 897 sententiae
1014 851 1126 911 effe,
1155 853 1321 916 quibus
1341 857 1394 904 &

99 923 378 986 apparitores
399 924 449 970 &
478 922 571 968 hoc
595 938 731 985 genus
753 922 810 969 ab
827 923 1021 971 Etruscis
1044 923 1244 974 finitimis
1260 963 1273 985 ‚
1303 945 1394 975 un·-

96 997 152 1043 de
170 996 272 1043 sella
295 995 464 1044 curulis
480 1030 494 1052 ‚
526 995 644 1040 unde
665 1006 771 1058 toga
792 1008 1009 1058 praetexta
1035 997 1174 1047 sumta
1195 1000 1256 1047 est
1271 1037 1284 1060 ‚
1303 1018 1395 1048 nu-

98 1089 273 1120 merum
292 1086 479 1136 quoque
499 1068 643 1132 ipsum
662 1069 844 1116 dustum
863 1071 1037 1135 placet:
1066 1074 1192 1121 &ita
1210 1075 1396 1123 habuis-¹

98 1146 142 1194 se
163 1144 376 1193 Etruscos
393 1180 406 1203 ‚
440 1144 597 1210 quod,
617 1160 672 1190 ex
697 1142 940 1190 duodecim
971 1145 1153 1207 populis
1183 1163 1393 1195 commu·

97 1219 217 1266 niter
248 1230 403 1266 creato
438 1233 571 1280 rege,
602 1215 801 1280 singulos
835 1216 994 1280 singuli
1025 1219 1183 1281 populi
1210 1219 1394 1270 littores

97 1291 318 1340 dederint.
349 1290 589 1339 Crescebat
608 1289 788 1337 interim
807 1291 937 1349 urbs,
955 1292 1287 1341 munitionibus
1305 1296 1393 1345 alia

97 1378 237 1430 atque
257 1364 343 1413 alia
372 1363 628 1428 appetendo
652 1362 783 1422 loca,
816 1379 919 1410 cum
950 1364 996 1410 in
1018 1363 1137 1428 spem
1158 1367 1297 1431 magis
1318 1367 1394 1415 fu-

98 1451 215 1487 turae
238 1436 568 1496 multitudinis,
604 1454 738 1501 quam
766 1437 823 1484 ad
851 1437 923 1495 id,
953 1439 1078 1502 quod
1110 1451 1205 1486 tum
1238 1443 1395 1490 homi-

102 1528 213 1559 num
244 1522 364 1568 erat,
394 1510 642 1557 munirent.
677 1509 888 1569 Deinde,
911 1528 969 1557 ne
985 1528 1103 1559 vana
1123 1514 1246 1560 urbis
1273 1532 1397 1580 mag-

103 1585 266 1632 nitudo
295 1583 425 1642 effer,
453 1582 715 1643 adjiciendae
735 1583 1038 1631 multitudinis
1058 1585 1184 1633 causa
1200 1623 1215 1643 ‚
1236 1601 1396 1637 vetere

103 1659 298 1707 consilio
335 1657 632 1706 condentium
661 1657 820 1716 urbes,
853 1657 963 1721 qui,
991 1657 1229 1706 obscuram
1259 1672 1396 1726 atque

103 1733 319 1782 humilem
349 1732 610 1780 conciendo
643 1732 697 1778 ad
725 1730 766 1777 se
795 1731 1130 1778 multitudinem
1149 1768 1163 1792 ‚
1197 1746 1345 1782 natam
1372 1753 1400 1782 e

103 1819 222 1854 terra
246 1805 326 1852 fibi
347 1805 523 1868 prolem
551 1804 939 1860 ementiebantur;
964 1805 1145 1863 locum,
1168 1807 1244 1870 qui
1277 1825 1401 1857 nunc

105 1881 254 1945 septus
273 1879 644 1928 descendentibus
673 1879 789 1927 inter
808 1881 922 1927 duos
941 1880 1070 1927 lucos
1095 1880 1157 1927 est
1166 1917 1180 1940 ,
1207 1881 1403 1946 Asylum

106 1954 264 2017 aperit.
296 1969 354 2000 eo
377 1969 434 2000 ex
453 1952 656 2001 finitimis
675 1953 858 2017 populis
880 1954 1010 2000 turba
1032 1954 1183 2002 omnis
1214 1955 1305 2004 fine
1335 1957 1404 2005 di·

106 2028 336 2085 scrimine‚
353 2028 465 2074 liber
479 2045 536 2074 an
555 2027 709 2076 servus
724 2028 845 2086 esset,
856 2028 989 2075 avida
1005 2044 1232 2076 novarum
1250 2047 1405 2081 rerum

105 2101 327 2166 perfugit:
359 2101 495 2164 idque
524 2102 719 2164 primum
746 2102 802 2147 ad
825 2113 1023 2164 coeptam
1044 2102 1404 2165 magnitudinem

108 2176 291 2224 roboris
311 2174 409 2223 fuit.
430 2176 550 2223 Cum
568 2176 656 2239 jam
678 2175 847 2222 virium
867 2175 986 2222 haud
1007 2175 1276 2239 poeniteret,
1290 2195 1405 2224 con-

108 2249 255 2297 silium
273 2249 433 2297 deinde
454 2249 626 2298 viribus
646 2261 784 2312 parat.
813 2262 995 2296 centum
1016 2261 1135 2297 creat
1151 2249 1405 2298 senatores:

110 2323 205 2370 sive
225 2322 330 2386 quia
350 2321 386 2369 is
422 2338 638 2368 numerus
668 2321 768 2369 satis
798 2335 914 2378 erat;
945 2322 1040 2368 {ive
1060 2323 1165 2386 quia
1191 2323 1274 2369 soli
1296 2340 1406 2369 cen-

111 2413 211 2445 tum
238 2407 394 2455 erant,
419 2394 497 2459 qui
528 2395 670 2442 creari
697 2396 848 2443 Patres
877 2396 1064 2459 possent.
1101 2397 1249 2442 Patres
1285 2409 1407 2444 certe

112 2471 167 2519 ab
185 2471 365 2516 honore
381 2505 394 2528 ,
414 2468 682 2534 patriciique
701 2470 946 2535 progenies
965 2486 1124 2517 eorum
1143 2469 1373 2535 appellati.

181 2545 231 2593 T.
247 2545 344 2592 Liv.
379 2547 477 2592 Vol.
494 2545 531 2599 J,
1076 2543 1109 2589 B
