1582 2793
290 135 1153 190 HisTouiARUML113.1.
1323 153 1380 204 33

93 249 176 298 bus
219 250 372 298 diebus
395 287 408 308 ‚
441 250 495 316 ad
531 266 631 312 quae
668 248 831 312 templa
866 249 985 296 sacra
1023 248 1210 308 fierent,
1247 262 1383 314 atque

93 324 214 369 unde
231 324 276 370 in
297 339 375 369 eos
396 321 562 368 sumtus
583 322 774 384 pecunia
794 334 1068 384 erogaretur.
1087 325 1247 369 Cetera
1267 338 1386 386 quo-

94 412 184 458 que
205 395 358 441 omnia
388 394 568 457 publica
598 394 869 458 privataque
896 393 1014 441 sacra
1040 394 1270 442 pontificis
1296 396 1384 442 sci-

95 467 153 513 tis
179 467 394 527 subjecit:
430 479 481 514 ut
510 467 641 525 efl'et,
671 485 766 529 quo
791 467 1047 515 consultum
1077 469 1227 531 plebes
1255 470 1387 518 veni-

97 627 196 672 tus,
234 614 585 679 peregrinosque
617 613 934 671 adsciscendo,
969 615 1238 662 turbaretur.
1288 618 1390 663 Nec

98 688 302 735 coelestes
331 687 472 734 modo
503 688 814 746 caerimonias,
852 687 924 734 sed
953 686 1065 748 justa
1093 704 1281 750 quoque
1315 689 1390 734 fu-

97 761 253 806 nebria
279 759 610 823 placandosque
635 761 818 817 Manes,
844 775 892 805 ut
914 760 1031 806 idem
1050 759 1262 807 Pontifex
1281 762 1392 808 edo-

99 846 246 890 ceret;
270 849 460 897 quaeque
483 832 691 897 prodigia
706 868 720 890 ‚
743 831 1010 878 fulminibus
1030 833 1184 880 aliove
1205 850 1298 896 quo
1320 836 1389 881 vi-

97 905 148 952 su
167 906 289 952 missa
306 942 320 964 ,
338 904 663 967 susciperentur
682 917 814 968 atque
840 918 1103 951 curarentur
1123 921 1134 953 :
1159 906 1213 952 ad
1244 923 1294 953 ea
1314 907 1392 954 eli·—

102 979 257 1026 cienda
288 996 344 1026 ex
375 979 602 1026 mentibus
635 979 834 1037 divinis,
870 978 976 1026 Jovi
1004 979 1152 1026 Elicio
1189 997 1308 1027 aram
1345 982 1394 1029 in

100 1053 336 1101 Aventino
376 1051 580 1110 dicavit,
616 1052 859 1114 Deumque
900 1052 1128 1100 consuluit
1162 1054 1395 1117 auguriis,

103 1141 206 1187 quae
232 1123 510 1186 suscipienda
537 1123 688 1171 effent.

168 1197 295 1242 XXI.
326 1191 398 1240 Ad
422 1195 517 1241 haec
540 1193 834 1241 consultanda
861 1196 1259 1259 procurandaque,
1280 1194 1396 1242 rnul-

104 1267 296 1314 'titudine
317 1266 445 1312 omni
466 1284 492 1313 a
512 1266 562 1313 vi
582 1268 633 1313 &
651 1267 785 1314 armis
805 1267 1026 1314 conversa
1042 1305 1056 1324 ,
1087 1270 1137 1316 &
1155 1269 1293 1314 animi
1315 1270 1396 1316 ali·

105 1340 218 1403 quid
246 1338 420 1402 agendo
453 1338 667 1401 occupati
701 1351 855 1396 erant,
890 1340 940 1386 &
974 1340 1188 1386 Deorum
1230 1341 1396 1388 assidua

106 1412 300 1458 infidens
326 1429 462 1470 cura,
487 1429 593 1459 cum
626 1411 830 1458 intereffe
862 1413 992 1459 rebus
1012 1412 1220 1459 humanis
1251 1414 1398 1459 coele·
1440 1436 1443 1439 ·

106 1484 168 1531 ste
196 1485 374 1543 Numen
409 1485 664 1541 videretur,
701 1500 752 1529 ea
782 1484 943 1546 pietate
979 1484 1183 1531 omnium
1215 1486 1398 1546 pe&or'a

107 1557 329 1604 imbuerat
345 1593 358 1614 ,
387 1569 437 1603 ut
453 1554 562 1602 fides
579 1572 630 1603 ac
650 1554 961 1617 jusjurandum
975 1592 988 1615 ‚
1012 1556 1228 1618 proximo
1249 1555 1399 1619 legum

108 1647 159 1677 ac
179 1646 418 1693 poenarum
444 1641 595 1685 metu,
618 1627 849 1673 civitatem
870 1640 1088 1690 regerent.
1119 1629 1169 1675 &
1188 1645 1289 1674 cum
1317 1626 1399 1689 ipsi

109 1703 152 1751 se
176 1702 383 1749 homines
412 1701 458 1748 in
493 1701 610 1764 regis
630 1737 643 1759 ‚
678 1700 806 1747 velut
829 1701 955 1747 unici
988 1700 1213 1763 exempli,
1249 1712 1403 1747 mores

109 1780 387 1834 formarent;
421 1791 517 1824 tum
555 1775 736 1823 finitimi
774 1776 909 1823 etiam
936 1775 1140 1839 populi,
1177 1775 1255 1838 qui
1297 1788 1402 1822 ante

111 1849 275 1908 castra,
291 1865 385 1896 non
407 1848 566 1895 urbem
585 1884 599 1907 ‚
618 1848 809 1911 positam
830 1848 876 1894 in
900 1848 1053 1894 medio
1078 1848 1134 1893 ad
1156 1846 1402 1895 sollicitan-

113 1925 215 1972 dam
249 1923 456 1970 omnium
492 1937 649 1985 pacem
669 1957 683 1979 ‚
715 1922 1027 1981 crediderant,
1062 1921 1110 1967 in
1138 1938 1234 1968 eam
1269 1938 1405 1969 vere-

117 1997 325 2046 cundiam
350 1995 526 2042 adduffi
557 1994 684 2053 sunt,
710 2008 760 2042 ut
780 1995 1010 2043 civitatem
1027 2030 1040 2052 ‚
1074 2005 1216 2041 totam
1239 1993 1286 2040 in
1307 1994 1407 2041 cul-

114 2086 213 2120 tum
234 2069 406 2119 versam
425 2071 665 2128 Deorum,
699 2069 867 2116 violari
895 2069 1113 2115 ducerent
1141 2067 1278 2114 nefas,
1312 2070 1409 2114 Lu-

117 2163 196 2195 cus
233 2155 360 2203 erat,
403 2159 537 2207 quem
572 2142 774 2189 medium
819 2159 876 2188 ex
927 2157 1075 2204 opaco
1119 2140 1258 2203 specu
1302 2140 1409 2187 fons

118 2219 307 2285 perenni
335 2217 507 2281 rigabat
537 2233 681 2280 aqua:
719 2233 812 2280 quo
834 2215 940 2281 quia
968 2215 1011 2262 se
1041 2214 1235 2278 persaepe
1258 2216 1408 2261 Numa

118 2295 212 2341 sine
230 2291 435 2349 arbitris,
463 2290 593 2337 velut
615 2291 669 2336 ad
697 2289 980 2353 congress'um
1000 2289 1113 2335 Deae
1128 2324 1141 2346 ‚
1163 2287 1380 2333 inferebat
1394 2320 1410 2344 ‚

120 2363 335 2414 Camenis
354 2379 458 2409 eum
482 2361 632 2409 lucum
653 2361 872 2417 sacravit3
901 2361 1025 2424 quod
1047 2376 1196 2406 earum
1217 2358 1279 2403 ibi
1300 2373 1412 2403 con-

122 2439 227 2488 cilia
257 2455 359 2485 cum
393 2435 592 2502 conjuge
619 2435 694 2485 sua
717 2436 879 2502 Egeria
910 2434 1061 2483 essent.
1095 2435 1151 2478 Et
1179 2431 1262 2478 soli
1288 2428 1412 2479 Fidei

161 2566 173 2576 ‚
191 2515 242 2561 T.
265 2514 481 2562 Liv.‘V0l.
502 2514 541 2560 l.
1069 2505 1111 2552 c·
