1680 2803
394 160 518 204 DE
590 160 1027 207 T.LIVIO.
1307 173 1398 206 XCI

97 284 197 331 quae
228 265 430 314 facerent
459 267 513 312 ad
545 264 777 312 idolorum
814 265 1170 329 superstitionem
1202 268 1400 331 proban-

99 340 216 385 dam.
253 339 380 385 Hanc
402 337 624 384 Antonini
653 338 955 385 narrationem
982 339 1027 384 in
1055 340 1238 386 dubium
1261 353 1399 388 vocat

99 414 293 462 Jacobus
323 413 559 461 Gretserus
593 413 669 460 lib.
697 415 713 459 1
747 414 801 460 de
827 413 924 476 jure
955 414 1226 477 prohibendi
1257 417 1398 464 libros

91 487 237 534 malos
259 504 298 535 c.
321 487 478 534 XXX.
499 486 741 533 Librorum
766 487 912 544 Livii,
932 488 1009 550 qui
1035 487 1224 546 exstant,
1247 506 1397 536 exeri:-

91 560 218 624 plum
247 560 475 624 eleganter
508 558 720 622 scriptum
743 572 793 606 ut
824 578 861 607 a.
899 576 1012 624 ¹455
1040 578 1062 606 a
1094 562 1267 625 Poggio
1291 563 1396 609 Flo-

90 634 273 682 rentino
312 634 392 680 fibi
432 645 736 696 compararet,
775 651 968 698 agrum,
1000 651 1133 697 quem
1172 634 1396 695 habebat,

92 707 294 754 vendere
325 723 420 752 non
456 705 686 753 dubitavit
716 708 946 754 Antonius
977 707 1252 755 Beccatellus
1274 744 1286 765 ‚
1310 709 1395 754 Pa==

90 782 378 831 normitanus
396 817 410 838 ,
432 795 481 827 ut
511 796 567 826 ex
601 777 694 841 ejus
721 777 919 840 Epistola
946 778 1000 824 ad
1020 779 1285 842 Arragoniae
1307 780 1393 825 Re-

89 872 190 919 gem
225 853 464 902 Alfonsum
492 853 628 900 refert
656 852 887 900 Ga'llaefius
916 852 1035 899 libro
1064 853 1117 899 de
1145 853 1392 899 Bibliothe-

89 929 155 977 cis
177 946 221 992 p.
250 930 351 976 186.
387 931 434 974 In
457 926 779 985 Leibnitianis,
806 926 898 975 five
931 927 1044 974 Otio
1076 929 1391 974 Hanoverano

88 1001 351 1048 nobiliffimi
385 1000 485 1047 Viri
516 1002 585 1048 Jo.
612 1001 728 1048 Frid.
749 999 906 1047 Felleri
931 1018 974 1063 p.
1009 1003 1110 1065 156.
1139 1001 1280 1064 legas,
1305 1001 1390 1047 Pa-

85 1087 202 1122 trem
239 1075 621 1124 Zwenbruckium
664 1075 809 1122 sanCte
851 1076 1083 1122 affirmasse
1131 1077 1249 1124 Patri
1292 1080 1388 1124 Ga·-

87 1149 261 1196 manfio
279 1185 292 1208 ,
313 1149 355 1196 se
375 1149 422 1196 in
439 1149 645 1196 manibus
666 1148 860 1196 habuisse
883 1150 1052 1195 Bremae
1069 1151 1245 1197 MStum
1267 1150 1388 1198 Livii

84 1223 266 1288 plenius
281 1261 295 1284 ,
318 1223 389 1271 sed
411 1242 512 1272 cum
533 1238 757 1272 mercator
776 1223 892 1286 justo
915 1224 1057 1271 carius
1077 1226 1271 1273 vendere
1291 1225 1387 1272 vel-

24 1289 26 1291 ·
83 1297 149 1346 let
165 1335 180 1356 ‚
217 1298 458 1363 neglexisse
479 1316 490 1346 ε
519 1316 623 1346 cum
649 1298 800 1345 rursus
823 1310 1043 1361 quaereret
1060 1334 1072 1356 ‚
1095 1298 1194 1361 post
1214 1316 1385 1345 merca-

84 1373 200 1420 toris
227 1385 421 1420 mortem
441 1410 454 1430 ,
476 1390 573 1420 non
603 1372 917 1436 comparuisse.
949 1373 1027 1420 His
1048 1374 1159 1421 adde
1175 1409 1188 1432 ‚
1207 1391 1307 1436 quae
1327 1390 1384 1419 ex

85 1447 121 1493 J.
142 1445 343 1493 Renneri
370 1446 613 1494 Chronico
635 1445 857 1493 Bremenfi
883 1445 936 1492 ad
956 1463 1023 1494 an.
1053 1462 1164 1508 1521
1193 1446 1246 1492 de
1265 1447 1384 1492 Mar·

85 1521 188 1568 tino
216 1522 493 1586 Groningo,
513 1522 591 1585 qui
611 1522 869 1586 deperditos
898 1522 1019 1570 Livii
1049 1522 1188 1568 libros
1214 1521 1383 1567 habuc-

84 1594 161 1653 rit,
181 1608 388 1643 narratur
405 1596 450 1642 in
469 1596 749 1644 Bibliotheca
767 1595 989 1643 Bremensi
1008 1594 1227 1642 historico
1246 1595 1379 1644 theou

84 1667 237 1734 logica
262 1670 419 1718 Tomo
443 1669 535 1720 five
565 1670 694 1719 claffe
724 1688 767 1720 2.
785 1669 889 1719 fasc.
918 1688 953 1719 1.
974 1687 1018 1734 p.
1055 1685 1158 1732 143.
1180 1668 1268 1733 seq.

300 1868 302 1870 -
338 1811 603 1856 SCRIPTA
638 1808 726 1869 ejus
762 1812 851 1856 alia
878 1811 1104 1870 deperdita.

175 1932 349 1997 Scripta
385 1934 506 1983 Livii
539 1935 673 1982 etiam
700 1933 785 1983 alia
822 1935 941 1998 apud
981 1944 1158 1981 veteres
1198 1944 1380 1980 mer-110⁴

81 2017 264 2066 rantur,
292 2018 344 2054 ut
370 2009 583 2071 Dialogi,
615 2025 732 2073 quos
765 2026 862 2056 non
895 2008 1037 2073 magis
1070 2006 1377 2074 Philosophiae

83 2162 123 2201 in
152 2160 345 2202 Plutarchi
374 2161 452 2202 vita
482 2174 515 2202 c.
538 2161 706 2204 XXIX„
760 2163 914 2202 homines
931 2193 943 2210 ,
979 2178 1017 2201 eo
1041 2163 1144 2216 plura
1163 2163 1378 2202 nuntiaban-

82 2217 219 2267 Neque
251 2216 431 2256 omnibus
468 2216 587 2256 fidem
620 2216 694 2256 ha-
763 2230 831 2257 tur.
855 2218 917 2257 Sic
937 2218 1095 2258 Tacitus
1113 2218 1179 2265 ΙΙΙ,
1202 2233 1261 2271 55.
1282 2218 1374 2258 Hist.

83 2271 204 2314 buiss'e
234 2270 272 2310 se
302 2272 429 2312 Livius
462 2272 540 2322 ipse
575 2271 694 2323 pluri·
760 2272 844 2322 post
880 2273 1055 2323 prodigia
1085 2275 1262 2324 quaedani
1292 2285 1375 2332 nic-

81 2325 152 2365 bus
174 2324 269 2365 locis
284 2326 461 2376 testatur,
477 2336 520 2366 ut
541 2327 691 2376 XXIV,
759 2339 930 2367 morata:
961 2329 1031 2365 Sed
1054 2343 1214 2382 pructpr
1207 2341 1286 2374 zm
1310 2338 1375 2364 111-

85 2393 144 2419 10.
186 2381 360 2433 Prodigia
387 2396 425 2419 eo
456 2397 551 2420 anno
580 2382 692 2420 multa
758 2383 863 2432 quit,
882 2383 970 2444 *ipse
1007 2383 1172 2421 Vitellius
1207 2381 1267 2433 0st
1263 2396 1306 2418 mus
1303 2392 1371 2417 um

80 2446 246 2473 uumlata
263 2437 373 2488 sunt,
389 2450 462 2488 qllae
486 2450 552 2488 quo
574 2449 688 2489 magt-5
755 2449 853 2485 eslf,
876 2451 1023 2489 Ignarus
1051 2438 1219 2481 millu-C,
1241 2449 1286 2472 ΙῙἾ
1284 2449 1323 2487 3'0‘1
1327 2447 1370 2473 0·

78 2490 305 2531 crzedeham
272 2490 450 2546 fimplcces
474 2505 516 2532 ac
537 2491 691 2546 religicfi
751 2492 858 2532 vidus
878 2505 967 2544 cons
958 2492 1028 2533 ilii.
