1582 2793
174 178 229 221 14
518 158 1086 209 T1T1L1V11

169 281 327 335 potum
343 304 356 327 ‚
375 280 426 316 ut
450 268 610 333 geniti,
631 281 682 317 ut
698 269 898 329 educati,
918 282 967 317 ut
986 268 1161 335 cogniti
1178 269 1340 330 essent,
1363 273 1451 318 cae-¹

168 346 271 390 dem
291 343 500 405 deinceps
529 344 746 408 tyranni,
769 344 900 407 seque
927 345 1020 408 ejus
1043 347 1273 394 auctorem
1297 344 1451 392 osten-

167 418 247 464 dit.
282 417 502 475 Juvenes,
534 433 615 479 per
645 416 836 462 mediam
865 419 1139 465 concionem
1170 417 1346 482 agmine
1378 416 1452 462 in·

167 490 295 555 gressi
309 525 323 548 ‚
346 506 448 537 cum
469 505 606 537 avum
630 505 778 552 regem
801 488 1050 536 salutassent
1065 527 1079 549 ,
1109 491 1256 539 secuta
1278 507 1335 537 ex
1354 506 1451 536 om-

169 562 218 609 ni
247 560 535 608 multitudine
556 559 840 607 consentiens
861 576 961 606 vox
991 572 1137 608 ratum
1167 577 1337 609 nomen
1364 561 1454 607 im-

167 635 432 700 periumque
467 632 559 697 regi
587 632 748 680 effecit.
784 635 846 680 Ita
881 633 1115 680 Numitori
1147 634 1320 682 Albana
1349 651 1455 698 per-

169 708 292 756 miss'a
320 724 397 766 re,
432 707 680 754 Romulum
708 707 992 772 Remumque
1023 709 1191 772 cupido
1222 710 1372 773 cepit,
1404 708 1452 755 in

169 782 223 829 iis
244 781 382 839 locis,
402 781 480 828 ubi
502 781 724 845 expositi,
746 781 915 847 ubique
939 783 1117 831 educati
1144 796 1267 832 erant
1284 820 1298 843 ‚
1330 783 1455 831 urbis

170 854 436 903 condendae.
467 855 516 902 &
541 853 765 918 supererat
795 854 1036 903 multitudo
1057 856 1338 904 Albanorum
1372 857 1456 903 La·

171 930 477 991 tinorumque.
535 929 591 976 ad
628 929 675 975 id
706 928 901 992 pastores
936 947 1123 996 quoque
1159 931 1458 990 accesserant,

172 1004 254 1069 qui
280 1021 439 1051 omnes
471 1003 601 1051 facile
634 1003 755 1068 spem
791 1004 1017 1065 facerent,
1045 1023 1235 1070 parvam
1264 1006 1426 1053 Albam
1442 1042 1474 1066 ,ἣ

172 1095 366 1144 parvum
391 1077 631 1126 Lavinium
647 1115 660 1137 ‚
692 1096 784 1142 prae
813 1096 863 1126 ea
885 1079 995 1127 urbe
1018 1097 1119 1145 quae
1150 1081 1427 1128 conderetur
1445 1115 1461 1139 ,

174 1153 292 1201 fore.
334 1151 583 1199 Intervenit
604 1151 764 1199 deinde
799 1152 867 1200 his
902 1153 1256 1218 cogitationibus
1286 1154 1462 1201 avitum

175 1227 342 1275 malum
358 1263 373 1286 ‚
400 1226 526 1291 regni
547 1226 712 1289 cupido
725 1263 738 1285 ,
758 1238 889 1290 atque
907 1228 1011 1275 inde
1029 1227 1204 1276 foedum
1234 1240 1462 1275 certamen

172 1314 390 1349 coortum
407 1317 431 1347 a
449 1299 549 1346 satis
569 1299 667 1346 miti
688 1300 928 1364 principio.
955 1301 1189 1362 Quoniam
1213 1301 1379 1366 gemini
1399 1299 1463 1348 es-

175 1375 271 1422 sent
288 1410 301 1432 ,
330 1391 414 1421 nec
438 1373 578 1421 aetatis
612 1375 888 1422 verecundia
919 1376 1157 1423 discrimen
1183 1376 1330 1422 facere
1358 1374 1464 1439 pos-

177 1450 265 1508 set,
296 1461 347 1497 ut
367 1448 476 1505 Dii,
495 1464 688 1512 quorum
708 1448 858 1496 tutelae
877 1466 927 1496 ea
949 1449 1051 1497 loca
1071 1451 1207 1496 efi'ent
1221 1485 1234 1507 ‚
1267 1448 1462 1513 auguriis

178 1523 405 1586 legerent,
439 1522 519 1585 qui
538 1538 705 1568 nomen
735 1538 870 1570 novae
897 1523 995 1570 urbi
1016 1524 1166 1580 daret,
1196 1522 1275 1585 qui
1305 1520 1464 1568 condi-

177 1609 270 1643 tam
306 1595 499 1658 imperio
531 1607 737 1659 regeret,
762 1597 977 1643 Palatium
1015 1596 1236 1643 Romulus
1255 1632 1269 1654 ,
1297 1596 1466 1643 Remus

180 1669 462 1719 Aventinum
487 1670 542 1715 ad
566 1669 927 1733 inaugurandum
948 1671 1112 1733 templa
1138 1670 1335 1733 capiunt.

246 1745 343 1789 VII.
377 1741 524 1788 Priori
551 1742 698 1788 Remo
730 1743 964 1805 augurium
986 1741 1155 1789 venisse
1185 1742 1326 1789 fertur
1345 1778 1359 1801 ‚
1391 1741 1465 1788 sex

182 1815 418 1863 vultures:
448 1814 654 1878 jamque,
680 1815 891 1861 nuntiato
916 1815 1104 1879 augurio
1123 1852 1137 1875 ,
1167 1833 1271 1863 cum
1301 1814 1469 1878 duplex

185 1905 396 1935 numerus
426 1887 629 1934 Romulo
657 1886 698 1933 se
729 1887 1009 1948 ostendisset,
1042 1901 1283 1952 utrumque
1319 1904 1469 1952 regem

183 1962 258 2008 sua
299 1960 545 2008 multitudo
583 1959 956 2009 consalutaverat.
1011 1973 1216 2025 tempore
1250 1960 1316 2009 illi
1351 1978 1469 2024 prae—

185 2049 321 2098 cepto
337 2071 350 2093 ,
371 2047 415 2081 at
434 2035 480 2080 hi
500 2050 690 2080 numero
707 2036 885 2095 avium,
906 2052 1094 2099 regnum
1120 2034 1368 2082 trahebant.
1393 2037 1470 2080 ln·

185 2109 240 2155 de
257 2145 271 2169 ‚
296 2126 399 2155 cum
433 2109 727 2157 altercatione
757 2108 980 2172 congreffi
1000 2144 1015 2167 ‚
1047 2107 1289 2156 certamine
1307 2107 1472 2154 irarum

187 2184 243 2231 ad
271 2184 439 2231 caedem
464 2194 717 2230 vertuntur.
757 2183 822 2229 ibi
853 2183 900 2228 in
922 2183 1050 2229 turba
1078 2183 1187 2229 ictus
1209 2183 1375 2230 Remus
1399 2197 1470 2230 ce-

189 2258 313 2305 cidit.
344 2256 588 2319 Vulgatior
617 2255 730 2302 fama
757 2254 844 2312 est,
875 2255 1077 2302 ludibrio
1108 2254 1251 2302 fratris
1278 2256 1471 2303 Remum

188 2346 344 2379 novos
382 2329 642 2376 transiluisse
680 2345 863 2375 muros:
899 2328 1002 2373 inde
1037 2328 1091 2374 ab
1121 2329 1237 2374 irato
1268 2327 1472 2374 Romulo

191 2402 317 2462 (cum
335 2400 486 2450 verbis
507 2416 692 2464 quoque
711 2399 982 2462 increpitans
1000 2398 1244 2460 adjecisset,
1271 2403 1344 2446 Sic
1363 2402 1473 2445 dein-

191 2478 240 2520 de
255 2511 268 2532 ‚
299 2479 526 2536 quicunque
554 2478 666 2520 alius
693 2473 897 2539 transiliet
920 2476 1076 2519 moenia
1098 2470 1220 2536 mea)
1256 2471 1471 2520 interfec-
