1582 2793
411 151 465 196 D
500 151 542 195 E
613 148 664 195 T.
733 152 767 194 L
801 153 828 195 I
859 154 901 195 V
930 154 956 196 I
990 153 1042 196 O.
1249 162 1369 195 cxu

255 258 461 311 plementis
497 257 826 296 emendatioribus
856 260 889 296 δι
920 257 991 296 suis
1021 258 1112 297 loeis
1144 257 1369 304 collocatis,

252 313 393 353 tabulis
417 311 680 364 geographicis
703 314 738 351 ὁὶ
760 310 919 362 copioso
945 312 1083 350 indice.
1112 312 1318 351 Recensuit
1335 317 1370 351 ὅ(

254 366 398 406 notulis
423 368 527 405 auxit
545 366 604 414 Jo.
630 365 792 405 Clericus.
820 366 965 405 'somus
991 367 1029 404 X
1051 365 1168 404 habet
1199 368 1372 417 Geogra-

255 421 389 473 phium
423 421 618 460 Livianam
645 420 765 474 (XIV
795 419 933 458 tabulis
960 420 1308 469 comprehensum)
1336 423 1370 459 «Q

258 475 432 516 Indicem
473 487 600 513 rerum
638 472 981 523 locupletiffimum
1016 474 1055 511 in
1090 473 1182 513 Livii
1213 474 1294 513 hist.
1337 478 1373 514 ὁὶ

255 529 382 580 suppl.
405 528 577 569 Freinsh.
596 528 741 568 Textus
763 530 815 567 est
833 528 1110 568 Gronoviunus.
1132 528 1245 567 Notae
1270 529 1372 568 haud

255 584 385 634 magni
399 583 484 622 sunt
506 583 705 630 momenti,
724 585 759 622 ὅ(
776 583 896 622 editio
923 582 1050 621 usibus
1076 582 1244 621 tironum
1263 582 1373 621 scho-

257 638 394 678 lasticis
429 638 611 677 destinata
639 637 799 676 videtur.
831 636 1084 676 Freinshemii
1106 636 1374 688 supplementa

255 693 376 744 paulo
400 692 617 731 minoribus
637 691 779 740 literis,
797 704 911 741 quam
930 692 968 730 in
988 691 1222 740 Doujatiana
1238 691 1376 730 excusa

253 747 367 795 sunt,
392 745 456 786 sed
478 747 582 796 quod
605 745 718 784 multi
741 746 856 784 credo
882 745 1026 786 fadtum
1049 744 1217 794 nollent,
1241 746 1374 785 omiffa

246 802 345 842 :loca
371 805 569 840 auctorum
586 830 596 846 ,
615 813 698 849 quae
723 800 759 837 in
785 800 1022 850 marginibus
1049 800 1286 849 Dcujatianis
1310 813 1375 839 an-

258 866 391 896 notata
414 856 557 905 ubique
580 853 780 905 leguntur,
799 868 820 893 e
840 854 979 904 quibus
1002 854 1289 895 Freinshemius
1310 854 1375 894 sua

258 911 423 962 repetiit.
454 911 630 950 Servatur
649 908 688 947 in
713 908 813 948 Bibl.
845 910 984 959 Gymn.
1010 909 1218 959 Bipontini.

100 977 200 1021 1715
262 967 381 1005 Vener.
415 979 450 1013 4.
476 963 567 1003 voll.
592 963 658 1002 VI.
685 963 917 1009 Doujatiana
936 963 976 1001 in
997 963 1106 1002 usum
1136 962 1321 1014 Delphini
1342 976 1377 1003 a.

267 1022 367 1074 1679
389 1041 428 1050 --
460 1017 559 1058 1682
581 1016 711 1056 recusa
731 1017 783 1056 est
809 1026 968 1056 curante
994 1017 1134 1057 Carolo
1161 1019 1376 1069 BanarrigO.

261 1075 306 1115 In
333 1073 439 1113 calce
466 1072 608 1112 additae
633 1071 750 1110 etiam
782 1071 915 1111 breves
941 1082 1042 1112 notae
1064 1073 1125 1120 Jo.
1151 1072 1296 1119 Clerici,
1321 1072 1378 1110 in-

263 1129 416 1179 dexque
442 1125 758 1178 locupletissimus
784 1126 1089 1166 Wetstenianus.
1141 1127 1199 1166 Ad
1228 1125 1379 1166 Freins-

259 1183 379 1223 hemii
397 1196 488 1222 vero
505 1181 770 1233 supplementa
787 1181 1014 1231 scriptorum
1034 1189 1208 1221 veterum
1228 1179 1305 1220 loci
1322 1181 1379 1219 di-

260 1238 439 1289 ligentius
465 1236 638 1285 allegati,
659 1249 773 1286 quam
801 1236 842 1273 in
867 1236 1051 1275 Parifienfi
1078 1235 1264 1277 editione.
1292 1235 1378 1276 To-

261 1306 349 1332 mus
373 1305 463 1331 vero
490 1291 699 1342 septimus,
726 1303 841 1340 quern
873 1290 1096 1330 additurum
1133 1290 1259 1329 editor
1291 1303 1380 1340 pro-

262 1347 385 1394 misit,
422 1359 564 1386 vocum
594 1345 770 1385 omnium
807 1345 1049 1385 Livianarum
1081 1343 1352 1395 phrasiumque
1365 1373 1383 1393 ‚.

266 1402 393 1440 lucem
420 1415 498 1440 non
521 1401 632 1441 vidit.
662 1400 775 1440 Adest
799 1400 839 1439 in
860 1399 954 1440 Bibl.
984 1400 1131 1439 eadem.

105 1455 207 1509 1718
263 1457 452 1496 Patavina
475 1456 553 1499 III..
577 1471 616 1504 4.
646 1454 736 1494 voll.
753 1455 816 1494 IV.
840 1454 918 1494 Tit.
942 1454 1036 1494 Livii
1060 1453 1230 1494 Patavini
1246 1453 1374 1493 histor.

265 1511 448 1550 Romanae
469 1510 580 1557 libri,
604 1510 668 1559 qui
694 1508 904 1559 supersunt.

267 1566 419 1604 Patavii
449 1578 507 1604 12.
531 1563 659 1604 Livius
686 1575 718 1603 c.
742 1563 913 1613 epitome
935 1563 976 1604 L.
995 1562 1119 1610 Flori,
1135 1562 1246 1601 variis
1274 1561 1378 1601 leett.

267 1618 550 1669 Chronologia,
580 1617 777 1658 Indicibus
799 1619 871 1658 &o
900 1618 1031 1672 5tomi
1061 1632 1085 1665 4
1101 1616 1192 1656 voll.

107 1687 208 1727 1722
264 1676 379 1713 Lond.
414 1688 471 1713 12.
490 1672 583 1712 voll.
605 1672 671 1720 VI,
684 1672 759 1711 sine
778 1673 936 1711 nomine
959 1672 1128 1711 editoris.
1145 1671 1257 1711 Forte
1273 1682 1383 1720 repe-

265 1729 352 1767 titio
378 1727 430 1766 est
453 1727 633 1767 editionis
654 1726 791 1766 Clerici
816 1741 847 1766 a.
878 1740 990 1775 1710.
1021 1727 1130 1780 (cura
1145 1724 1381 1777 Maittairii.)

107 1796 208 1835 1727
263 1783 451 1822 Patavina
473 1782 524 1822 IV
539 1813 552 1831 ,
573 1796 630 1821 12.
658 1782 773 1821 tomis
787 1782 834 1831 V,
856 1795 878 1820 a
893 1780 1042 1830 ,Iacobo
1071 1781 1253 1821 Jacobecto
1272 1779 1379 1819 &M

267 1838 355 1878 Ant.
377 1838 521 1876 Feracio
545 1845 761 1887 procurata.

108 1903 208 1944 1735
265 1891 363 1943 Lipfi
387 1890 423 1930 8.
447 1890 505 1931 ΙΙΙ
525 1891 647 1938 tomi,
672 1889 813 1929 omiffis
835 1888 1136 1940 supplementis,
1165 1888 1215 1926 ad
1243 1886 1382 1927 Clerici

194 1980 200 1985 .
267 1946 503 1995 editionem,
524 1945 590 1984 sed
605 1944 741 1984 vitiose
757 1943 928 1994 expreffa
949 1956 1038 1982 cum
1056 1944 1116 1991 ,Jo.
1134 1941 1276 1982 Matth.
1301 1943 1383 1993 Gefi

268 2000 341 2037 neri
368 1999 474 2050 praef.
513 1999 616 2039 lectu
644 1998 861 2050 dignissima
895 1999 944 2037 de
974 1996 1143 2036 cursoria
1169 1998 1205 2036 ὁὶ
1235 1996 1384 2034 stataria

268 2055 471 2092 auom-um
498 2052 707 2093 latinorum
735 2053 900 2092 lectione
926 2052 966 2090 in
987 2051 1150 2099 scholis,
1177 2049 1385 2101 praesertim

270 2107 380 2150 Livii.

104 2215 276 2261 IETAS
305 2215 366 2257 Vl
404 2215 682 2256 CREVERIO
714 2235 783 2246 —
809 2211 1388 2253 DRAKENBORCHIANA

580 2338 677 2379 ¹735
709 2346 789 2355 ··-
825 2323 926 2375 1784

107 2449 210 2492 ,1735
238 2458 281 2468 --
311 2448 414 2487 ¹740
441 2436 562 2488 Parifi
588 2450 626 2484 4.
644 2435 738 2475 voll.
765 2421 810 2475 V.
830 2434 876 2475 T.
897 2434 937 2474 L.
960 2432 1200 2472 historiarum
1231 2430 1278 2490 al>
1295 2427 1390 2468 urbe

272 2491 430 2531 condita
448 2489 558 2538 libri,
582 2491 650 2542 qui
674 2488 896 2542 supersunt,
918 2488 1076 2529 XXXV
1091 2517 1102 2535 ,
1123 2497 1212 2524 cum
1239 2483 1394 2535 lupple.
