1582 2793
168 216 225 282 58
519 217 1103 269 T1T1L1V11

159 325 377 387 jicerent:
411 339 648 393 ventoque
675 328 865 392 juvante
901 331 1087 379 accensa
1118 331 1238 396 ligna
1256 369 1270 392 ,
1294 333 1343 382 δε
1362 333 1460 397 ple-

160 417 302 464 raque
336 400 384 447 in
415 402 582 450 ratibus
611 405 832 467 impa&a‚
867 405 1049 454 sublicis
1084 424 1186 454 cum
1207 407 1463 467 haererent‚

160 486 352 536 pontem
381 475 645 523 incendunt.
675 480 739 523 Ea
767 495 952 542 quoque
982 497 1051 526 res
1070 480 1116 526 in
1146 498 1297 546 pugna
1314 494 1460 529 terro-

159 548 433 595 rem‘attulit
461 551 649 597 Sabinis.
683 550 842 598 Effufis
873 553 1027 598 eadem
1061 553 1211 619 fugam
1241 555 1459 619 impedit:

158 622 385 686 multique
403 626 616 673 mortales
637 662 650 683 ,
672 643 774 673 cum
797 626 973 673 hostem
1003 628 1255 692 effugissent
1269 667 1282 689 ‚
1309 631 1355 677 in
1377 630 1461 678 ssu-

159 695 283 742 mine
312 697 409 760 ipso
439 700 638 761 periere:
678 718 876 764 quorum
909 702 1132 750 fluitantia
1160 718 1283 751 arma
1313 705 1367 751 ad
1385 722 1461 751 ur-

158 769 262 816 bem
293 772 475 835 cognita
494 774 541 819 in
562 774 746 828 Tiberi,
782 775 905 836 prius
932 795 1088 840 paene,
1110 796 1244 842 quam
1275 779 1461 827 nuntia-

157 843 196 889 ri
231 845 374 906 postet
396 883 409 903 ,
443 845 662 910 insignem
695 848 939 896 vieforiam
974 849 1136 897 fecere.
1186 854 1255 898 Eo
1286 852 1460 915 proelio

158 917 388 980 praecipua
418 921 621 982 equitum
653 920 797 983 :gioria
827 921 927 969 fuit.
964 923 1191 986 utrimque
1215 924 1271 970 ab
1303 924 1461 971 corni-

156 990 242 1036 bus
261 991 459 1053 positos,
477 1010 579 1040 cum
597 993 684 1054 jam
705 995 949 1056 pelleretur
967 996 1112 1042 media
1134 997 1336 1060 peditum
1356 996 1460 1044 suo·
1497 1040 1504 1044 .

157 1078 258 1108 rum
287 1063 432 1122 acies,
469 1065 530 1112 ita
568 1066 801 1113 incurrisse
839 1067 894 1113 ab
933 1066 1147 1115 lateribus
1183 1067 1370 1127 ferunt,
1406 1080 1460 1116 ut

156 1151 255 1180 non
288 1135 654 1184 fisterent‘rnodo
681 1138 862 1185 Sabinas
896 1138 1098 1202 legiones
1115 1176 1128 1198 ‚
1153 1140 1372 1189 ferociter
1390 1140 1461 1186 in-

157 1206 317 1254 stantes
345 1210 608 1257 cedentibus
627 1246 639 1266 ,
663 1210 737 1256 sed
768 1211 916 1257 subito
935 1211 983 1258 in
1004 1211 1157 1276 fugam
1183 1225 1469 1261 averterent.

156 1283 342 1329 Montes
372 1282 514 1330 effuso
544 1283 673 1331 cursu
701 1284 855 1332 Sabini
883 1287 1126 1349 petebant,
1159 1290 1209 1336 &
1234 1288 1367 1351 pauci
1386 1300 1458 1334 te-

155 1374 324 1413 nuere3
355 1359 553 1406 maxima
577 1377 705 1423 pars,
733 1372 784 1407 ut
809 1373 912 1408 ante
944 1362 1110 1408 di5tum
1130 1363 1191 1409 est
1208 1399 1220 1420 ‚
1253 1363 1308 1408 ab
1329 1362 1459 1425 equi-

156 1431 277 1479 tibus
306 1432 354 1479 in
382 1433 553 1482 flumen
586 1434 670 1482 affl
707 1434 822 1484 sunt.
857 1437 1167 1499 Tarquinius,
1196 1436 1457 1485 instandum

154 1506 406 1569 perterritis
441 1521 592 1566 ratus,
629 1509 778 1572 praeda
807 1510 1088 1573 captivisque
1122 1511 1320 1557 Romam
1349 1509 1457 1556 mis-

153 1580 209 1627 sis
231 1618 245 1638 ‚
278 1580 434 1644 spoliis
454 1582 651 1630 hostium
684 1584 885 1646 (votum
920 1583 967 1630 id
988 1584 1201 1632 Vulcano
1222 1583 1347 1649 erat)
1378 1585 1456 1631 in·

155 1655 282 1719 genti
310 1656 495 1703 cumuio
525 1658 747 1717 accenfis,
780 1657 928 1721 pergit
956 1674 1100 1721 porro
1128 1658 1175 1704 in
1199 1675 1356 1722 agrum
1375 1657 1457 1703 Sa-

153 1728 315 1776 binum
332 1731 584 1779 exercitum
601 1732 829 1779 inducere.
860 1735 936 1791 δε,
957 1749 1223 1796 quanquam
1245 1732 1358 1778 maie
1381 1748 1456 1795 ge-

153 1800 218 1848 sta
245 1819 315 1850 res
335 1816 456 1861 erat,
482 1820 566 1851 nec
595 1803 794 1868 gesturos
814 1804 974 1851 melius
1005 1803 1180 1866 sperare
1211 1816 1456 1866 poterant,

153 1886 305 1923 tamen
323 1913 337 1935 ‚
355 1877 464 1941 quia
486 1877 750 1925 consulendi
770 1894 839 1924 res
866 1894 962 1924 non
984 1878 1118 1924 dabat
1147 1876 1341 1941 spatium
1357 1913 1370 1932 ,
1390 1876 1456 1923 ie·

153 1965 202 1996 re
236 1950 424 1997 obviam
458 1951 613 1998 Sabini
649 1951 944 1999 tumultuario
981 1951 1139 1998 milite.
1197 1951 1456 2015 iterumque

151 2022 218 2070 ibi
241 2023 352 2081 fufi,
383 2025 567 2087 perditis
592 2023 680 2084 jam
709 2042 856 2089 prope
883 2026 1016 2072 rebus
1033 2063 1046 2083 ‚
1076 2043 1234 2089 pacem
1268 2026 1456 2089 petiere.

218 2096 480 2146 XXXVIII.
505 2098 704 2146 Coliatia
719 2136 732 2158 ‚
762 2101 811 2148 δί
829 2099 1050 2164 quidquid
1070 2100 1188 2146 circa
1207 2100 1456 2147 Collatiam

154 2169 249 2232 agri
284 2182 409 2228 erat,
444 2172 618 2218 Sabinis
653 2173 896 2220 akmtum.
938 2174 1125 2236 Egerius
1163 2172 1342 2238 (fratris
1377 2174 1454 2220 hic

151 2241 272 2290 filius
303 2257 397 2291 erat
421 2247 571 2311 regis)
603 2247 816 2294 Collatiae
833 2247 881 2293 in
901 2247 1109 2310 praeiidio
1137 2247 1335 2294 relicum.
1376 2247 1455 2294 de-

151 2317 359 2380 ditosque
383 2319 642 2367 Collatinos
662 2321 723 2368 ita
751 2320 930 2383 accipio
948 2357 962 2379 ‚
989 2337 1176 2383 eamque
1203 2320 1453 2368 deditionis

150 2391 395 2438 fon-aulam
421 2393 519 2441 effe.
557 2395 658 2442 Rex
684 2396 1015 2459 interrogavit:
1047 2398 1210 2464 Estistze
1233 2415 1308 2444 vos
1334 2402 1449 2459 lega·

150 2469 186 2511 ti
215 2468 465 2528 oratoresque
483 2504 498 2525 ‚
529 2470 641 2534 miffi'
668 2491 694 2516 a
724 2476 887 2532 populo
915 2474 1152 2529 Collatino,
1183 2489 1231 2518 ut
1265 2489 1342 2518 vos
1361 2490 1450 2532 po-

141 2544 370 2603 pulumque
394 2544 656 2592 Collatinum
689 2547 924 2593 dedamis?
954 2550 1128 2594 Sumus.
1160 2546 1287 2613 Estne
1306 2563 1453 2607 popu-f
