1582 2793
173 173 236 219 66
526 172 752 225 T{T1
832 180 1105 228 L1V11

172 280 241 328 tio
278 281 422 346 prim-a
454 283 556 334 luce
589 285 795 334 adessent.
835 288 902 334 Ibi
931 288 1195 338 instruiium
1225 288 1478 340 exercitum.

173 371 360 404 omnem
392 357 773 407 suovetaurilibus
801 359 1026 409 lustravit.
1069 363 1207 427 idque
1236 364 1475 411 conditum

171 429 364 477 lustrum
400 432 702 497 appellatum,
742 433 850 496 quia
880 434 916 481 is
945 435 1175 483 censendo
1207 436 1308 484 finis
1341 437 1478 485 fanus

170 503 248 550 est.
285 505 430 553 Millia
449 507 681 570 octoginta
702 522 759 552 eo
790 505 932 553 lustro
958 509 1131 555 civium
1163 511 1290 557 censa
1314 511 1477 557 dicun-

171 590 261 627 tur.
285 579 457 644 Adjicit
482 581 753 643 scriptorum
774 579 1107 643 antiquiffimus
1121 584 1284 631 fabius
1303 585 1476 644 Ρίξὶοῑ,

170 669 333 700 eorum
349 690 362 713 ‚
380 654 459 718 qui
480 653 596 701 ferre
616 668 739 700 arma
758 652 937 716 possent
950 689 965 712 ‚
984 671 1086 701 eum
1102 673 1343 704 numerum
1367 658 1477 705 fuis-

171 728 230 776 se.
265 729 338 776 Ad
359 746 456 776 eam
485 726 821 774 multitudinem
845 726 952 775 urbs
973 745 1163 793 quoque
1191 730 1475 794 amplifican-

170 801 224 849 da
252 802 345 851 visa
370 801 445 849 est.
476 800 615 847 Addit
637 799 756 848 duos
785 799 952 860 colles,
983 801 1300 863 Quirinalem,
1330 807 1370 850 V
1376 805 1476 850 imi-

172 877 431 941 nalemque„
474 874 583 921 Inde
618 873 832 936 deinceps
870 887 1003 939 auget
1036 873 1284 940 Esquilias:
1318 877 1474 941 ibique

172 948 264 1012 ipse
282 986 295 1008 ,
315 961 366 996 ut
387 949 496 994 loco
518 946 712 1010 dignitas
733 945 886 1005 fieret,
905 947 1092 996 habitat„
1115 951 1293 1013 Aggere
1315 950 1364 996 &
1387 949 1474 996 fos-

170 1022 226 1068 fis
256 1024 307 1070 &
327 1037 461 1068 muro
484 1020 732 1067 circumdat
760 1020 935 1066 urbem.
974 1021 1035 1067 ita
1064 1022 1346 1084 pomoerium
1369 1039 1475 1086 pro-

173 1097 274 1144 fert.
306 1094 593 1143 Pomoerium
609 1128 622 1150 ‚
638 1091 770 1140 verbi
796 1092 894 1140 vim
917 1091 1059 1140 solam
1077 1094 1330 1154 intuenteS,
1353 1095 1476 1159 post-

171 1169 389 1215 moerium
418 1167 773 1229 interpretantur
810 1165 911 1213 effe.
947 1165 1021 1212 Est
1047 1179 1196 1215 autem
1225 1168 1367 1232 magis
1388 1169 1477 1216 cir-

174 1258 227 1290 ca
246 1257 428 1287 murum
446 1239 577 1286 locus
593 1274 608 1297 ‚
623 1253 757 1301 quem
777 1236 822 1285 in
842 1239 1094 1288 condendis
1118 1241 1306 1288 urbibus
1324 1257 1475 1304 quon-

174 1316 276 1362 dam
296 1314 471 1362 Etrusci
489 1350 504 1371 ,
527 1329 617 1376 qua
641 1328 823 1358 murum
847 1314 1023 1360 dusturi
1051 1329 1179 1361 erant
1194 1350 1208 1374 ,
1232 1315 1366 1362 certis
1387 1315 1478 1361 cir-

174 1405 228 1436 ca
256 1387 462 1434 terminis
485 1387 759 1450 inaugurato
780 1384 1136 1434 consecrabant:
1168 1399 1218 1433 ut
1241 1403 1390 1451 neque
1408 1386 1478 1433 in-

174 1463 342 1510 teriore
358 1474 484 1526 parte
503 1460 691 1509 aedificia
704 1459 934 1507 moenibus
953 1461 1357 1521 continuarentur,
1371 1477 1476 1524 quae

171 1555 298 1585 nune
329 1536 474 1600 vulgo
500 1534 632 1582 etiam
659 1532 981 1596 conjungunt3
1013 1534 1064 1581 ὅ(
1085 1532 1361 1580 extrinsecus
1386 1550 1476 1596 pu-

174 1611 214 1657 ri
242 1609 416 1675 aliquid
444 1609 499 1657 ab
531 1609 733 1655 humano
762 1606 892 1654 ¹cultu
922 1618 1093 1670 pateret
1113 1606 1210 1654 soli„
1248 1607 1353 1653 Hoc
1372 1605 1475 1670 spa—

175 1683 318 1742 tium,
340 1682 471 1747 quod
500 1697 647 1745 neque
674 1679 897 1736 habitari,
929 1696 1075 1744 neque
1106 1680 1222 1727 arari
1255 1679 1320 1726 fas
1347 1691 1475 1747 erat,

177 1776 276 1806 non
294 1757 437 1822 magis
454 1757 585 1822 quod
603 1754 705 1819 post
723 1771 901 1801 murum
923 1754 1053 1815 effet,
1073 1772 1210 1819 quam
1230 1755 1357 1818 quod
1377 1772 1476 1801 mu-

175 1849 250 1880 rus
282 1831 385 1895 post
421 1831 495 1889 id,
525 1828 806 1893 pomoerium
839 1828 1039 1874 Romani
1075 1828 1372 1892 appellarunt.
1422 1830 1474 1876 &

177 1907 226 1954 in
248 1906 373 1953 urbis
399 1905 682 1952 incremento
703 1901 877 1965 semper
892 1939 906 1962 ‚
928 1914 1150 1966 quantum
1175 1903 1348 1949 moenia
1367 1919 1477 1966 pro-

179 1980 352 2028 ceffura
372 1990 529 2039 erant,
559 1989 735 2025 tantum
764 1976 945 2025 termini
969 1978 1016 2025 hi
1046 1977 1298 2026 consecrati
1323 1976 1475 2041 profe÷

178 2054 408 2101 rebantun

245 2129 393 2176 XLV.
431 2126 571 2173 Aucta
594 2125 778 2174 civitate
799 2121 1107 2188 magnitudine
1133 2122 1258 2170 urbis
1274 2158 1289 2182 ‚
1307 2121 1475 2170 forma„

180 2200 238 2249 tis
267 2200 482 2247 omnibus
512 2199 638 2245 domi
663 2200 713 2246 &
743 2198 798 2245 ad
824 2198 1002 2245 belli&
1030 2198 1087 2244 ad
1113 2196 1234 2260 pacis
1259 2195 1360 2245 usus
1378 2233 1392 2256 ‚
1420 2214 1478 2244 ne

181 2274 356 2337 semper
375 2274 508 2320 armis
528 2289 638 2335 opes
658 2272 949 2335 acquirentur
963 2306 976 2329 ‚
997 2270 1191 2317 confilio
1211 2286 1373 2333 augere
1392 2271 1477 2318 im—

182 2349 360 2413 perium
390 2358 582 2395 conatus
611 2345 702 2403 est,
736 2345 863 2391 fimul
892 2348 941 2392 &
973 2345 1159 2408 aliquod
1188 2345 1351 2392 addere
1374 2344 1476 2393 urbi

181 2423 332 2470 decus.
371 2422 466 2468 Jam
496 2435 592 2467 tum
624 2433 718 2466 erat
742 2419 948 2466 inclitum
980 2420 1143 2466 Dianae
1171 2419 1373 2482 Ephefiae
1406 2419 1476 2466 fa-

185 2514 320 2545 num:
350 2495 396 2543 id
427 2495 733 2545 communiter
756 2512 780 2541 a
809 2494 1065 2544 civitatibus
1089 2494 1202 2541 Afiae
1225 2493 1389 2542 facium
1408 2493 1474 2541 fa-
