1582 2793
252 159 873 209 HISTORIARUM
924 162 1052 211 ΜΒ.
1093 164 1164 211 11.
1271 177 1359 226 ψ·

55 266 202 316 duCta.
255 270 375 316 Cum
409 268 566 332 AEquis
596 269 696 332 post
725 269 959 333 aliquanto
987 284 1234 336 pugnatum
1270 273 1360 331 est,

50 341 207 389 invito
241 342 425 406 quidem
458 341 671 398 consule,
691 342 799 406 quia
829 341 939 390 loco
972 343 1136 407 iniquo
1167 346 1362 392 subeun-

48 414 160 461 dum
191 426 284 460 erat
313 414 368 460 ad
392 413 574 460 hostes:
613 413 687 460 sed
716 413 906 471 milites,
934 416 1115 461 extrahi
1145 433 1237 463 rem
1269 416 1362 464 cri·

51 488 277 535 minantes
297 523 311 546 ‚
337 499 388 534 ut
427 487 621 533 dieiator
639 522 653 546 ‚
681 485 940 550 priusquam
971 485 1052 549 ipsi
1087 488 1284 536 redirent
1314 489 1361 536 in

48 562 228 619 urbem,
249 561 506 626 magistratu
527 561 670 608 abiret
691 597 704 619 ‚
725 560 938 624 irritaque
952 596 965 619 ‚
988 560 1099 608 ficut
1119 573 1221 608 ante
1242 580 1360 609 con-

47 635 179 693 sulis,
205 635 420 698 promiss'a
457 635 552 696 ejus
592 635 833 692 caderent,
860 633 1127 698 perpulere,
1156 647 1206 682 ut
1239 635 1362 682 forte

48 719 219 754 temere
244 707 290 754 in
313 708 528 754 adversos
550 720 728 754 montes
749 724 908 772 agmen
929 707 1131 772 erigeret.
1170 708 1219 754 Id
1242 710 1358 756 male

48 780 353 839 commissum,
373 781 554 845 ignavia
574 780 772 827 hostium
798 782 845 828 in
866 782 1043 829 bonum
1064 781 1203 831 vertit
1224 801 1234 829 :
1258 783 1356 847 qui,

47 853 306 918 priusquam
343 856 398 901 ad
441 853 698 915 conjeEium
731 853 809 901 teli
843 855 1106 915 veniretur,
1137 855 1359 920 obstupe-

47 927 153 976 fasti
174 928 358 976 audacia
378 929 694 975 Romanorum
710 964 724 987 ,
752 927 916 975 reliffis
937 928 1112 989 castris,
1135 947 1237 994 quae
1256 949 1358 979 mu·

48 1002 275 1050 nitiffimis
310 1015 548 1049 tenuerant
581 1001 696 1048 locis
715 1037 728 1060 ‚
756 1002 804 1050 in
836 1001 1046 1050 adversas
1074 1004 1216 1051 valles
1247 1004 1359 1051 defi-

49 1076 174 1123 luere
199 1094 209 1122 ς
244 1076 324 1123 ubi
359 1075 460 1122 satis
485 1075 649 1138 praedae
682 1077 732 1124 &
767 1075 963 1124 vi&oria
987 1076 1225 1125 incruenta
1254 1077 1358 1127 fuit.

47 1151 113 1197 Ita
143 1148 361 1196 trifariam
390 1165 438 1196 re
468 1148 590 1195 bello
622 1148 736 1194 bene
762 1148 908 1213 gesta,
928 1149 982 1195 de
1005 1149 1357 1199 domesticarum

48 1239 200 1270 rerum
234 1235 404 1272 eventu
434 1240 518 1271 nec
546 1223 752 1271 Patribus
775 1240 859 1271 nec
889 1223 1010 1287 plebi
1038 1241 1142 1272 cura
1163 1225 1355 1275 decess'e·

47 1312 134 1348 rat.
172 1310 295 1347 tanta
319 1316 422 1346 cum
457 1297 596 1362 gratia
611 1334 624 1357 ‚
646 1311 742 1344 tum
766 1311 860 1345 arte
879 1312 1242 1361 praeparaverant
1261 1300 1358 1349 foe-

47 1386 285 1422 neratores
301 1410 314 1432 ‚
335 1391 437 1437 quae
458 1391 554 1422 non
577 1375 719 1421 modo
739 1373 941 1437 plebem,
963 1374 1036 1421 sed
1058 1373 1200 1438 ipsum
1219 1377 1356 1427 etiam

46 1449 316 1496 diiiatorem
354 1429 713 1517 frustrarentur]
734 1449 944 1512 Namque
979 1448 1215 1510 Valerius,
1251 1453 1354 1516 post

48 1522 224 1569 Vetusii
255 1521 454 1569 consulis
481 1521 702 1580 reditum,
725 1520 935 1567 omnium
959 1521 1191 1570 affionum
1214 1524 1261 1570 in
1286 1525 1356 1572 se-

46 1612 157 1645 natu
193 1597 387 1660 primam
421 1597 577 1643 habuit
606 1612 695 1659 pro
731 1595 909 1642 viatore
941 1596 1146 1659 populo,
1173 1599 1355 1646 retulit-

44 1687 168 1736 que,
200 1671 312 1735 quid
346 1671 474 1718 nexis
510 1669 607 1717 fieri
647 1670 856 1734 placeret.
907 1687 1009 1735 quae
1053 1687 1155 1718 cum
1187 1672 1352 1735 rejeEta

43 1745 208 1792 relatio
242 1745 374 1805 esset,
405 1749 509 1792 Non
536 1750 711 1807 placeo,
732 1745 915 1810 inquit,
936 1751 1164 1794 concordia
1190 1751 1344 1798 auc‘lon

46 1823 247 1882 optabitis
262 1856 275 1879 ,
295 1840 358 1866 me
379 1823 504 1867 Dius
516 1823 657 1882 fidius
673 1857 686 1879 ,
706 1825 972 1884 propediem,
1006 1838 1054 1869 ut
1084 1826 1165 1869 mei
1180 1824 1350 1889 similes

43 1895 244 1940 Romana
270 1896 411 1953 plebes
432 1910 640 1954 patronos
675 1896 838 1941 habeat.
899 1895 1035 1955 Quod
1064 1898 1125 1940 ad
1153 1914 1215 1942 me
1249 1901 1359 1945 atti-¹

43 1982 139 2024 net,
158 1982 283 2027 neque
301 1966 538 2034 frustrabor
560 1971 670 2013 ultra
701 1971 809 2013 cives
833 1985 945 2013 meos
963 2003 976 2025 ‚
995 1988 1121 2030 neque
1139 1971 1224 2030 ipse
1243 1971 1349 2030 fru-

27 2037 122 2104 stra
139 2039 315 2084 diffator
330 2059 408 2085 ero.
433 2040 673 2100 Difiordiae
693 2040 890 2106 intestinae
906 2076 920 2098 ,
940 2045 1089 2088 bellum
1113 2059 1348 2104 externum,

33 2109 193 2171 fecere,
214 2129 261 2158 ut
290 2115 367 2158 lzoc
391 2116 634 2180 magistratu
664 2131 790 2177 egeret
810 2116 1050 2177 respublica.
1102 2119 1206 2164 Pax
1228 2118 1349 2178 foris

33 2204 163 2250 parta
182 2190 257 2255 cst,
278 2191 394 2235 domi
411 2192 645 2251 impeditur.
679 2192 876 2251 privatus
903 2194 1070 2252 potius,
1095 2211 1221 2254 quam
1251 2197 1346 2240 clic-

41 2278 154 2310 tator
168 2298 182 2322 ‚
202 2265 411 2324 seditioni
440 2269 624 2312 interero.
664 2264 746 2324 ita,
766 2265 889 2312 curia
912 2265 1103 2329 egreffus
1120 2303 1132 2325 ,
1154 2268 1349 2315 dieram-

42 2352 91 2383 ra
122 2336 164 2384 se
195 2337 438 2386 abdicavit.
478 2341 705 2403 Apparuit
733 2339 863 2386 causa
884 2340 1033 2403 plebi,
1056 2341 1176 2388 suam
1197 2342 1349 2392 vicem

41 2409 352 2476 indignantem
379 2414 639 2478 magistratu
662 2414 811 2463 abiffe.
850 2415 1028 2478 itaque,
1050 2416 1176 2462 velut
1196 2416 1349 2478 perso-

42 2485 137 2535 luta
156 2484 270 2550 fide,
291 2487 513 2554 quoniam
530 2506 610 2553 per
631 2506 734 2540 eum
755 2505 854 2539 non
877 2487 1057 2537 stetisset
1073 2524 1086 2547 ,
1102 2489 1212 2554 quin
1230 2507 1349 2556 praeq

981 2563 1068 2616 12
