1582 2793
259 213 860 263 HISTORIARUM
895 214 1022 260 LIB.
1058 215 1120 262 11.
1260 216 1346 276 169

61 340 220 372 omnes
239 323 309 370 sua
330 323 486 387 sponte
501 333 671 369 motam
686 321 911 368 remittere
931 321 1204 370 industriam.
1233 340 1347 386 prae-

62 395 172 441 senti
203 396 356 442 vultus
385 394 642 451 demittere,
674 393 807 440 tacite
842 406 1183 455 praetereuntem
1223 394 1345 442 exse-

64 469 202 516 crari:
223 481 271 515 ut
291 469 483 515 invictus
502 468 576 514 ille
596 467 706 515 odio
728 466 908 531 plebejo
929 468 1102 513 animus
1120 468 1346 515 interdum

63 553 338 588 moveretur.
396 541 538 586 Omni
577 539 879 603 nequidquam
918 539 1156 586 acerbitate
1188 558 1346 603 prom—

62 624 132 671 ta,
165 612 280 659 nihil
298 612 384 675 jam
411 630 513 660 cum
535 611 752 659 militibus
772 628 927 674 agere:
955 629 979 658 a
1000 615 1344 660 centurionibus

63 700 329 750 corruptum
355 687 603 733 exercitum
635 686 815 733 dicere:
849 685 1056 732 tribunos
1089 685 1236 749 plebei
1268 704 1344 733 ca-

62 759 224 807 villans
257 760 482 807 interdum
504 763 553 807 &
574 761 828 806 Volerones
850 775 1033 806 vocare.

130 834 250 881 LIX.
282 834 407 879 Nihil
434 848 595 880 eorum
617 832 773 879 Volsci
800 832 1084 890 nesciebant,
1106 832 1343 880 instabant-

63 922 149 969 que
179 921 236 952 eo
261 904 432 969 magis,
462 904 685 967 sperantes
703 941 719 962 ,
750 905 869 951 idem
904 922 1127 952 certamen
1163 906 1344 954 animo-

62 996 162 1025 rum
192 979 406 1027 adversus
440 978 638 1041 Appium
670 979 927 1025 habiturum
966 980 1212 1027 exercitum
1246 982 1346 1028 Ro-

62 1068 273 1110 manum,
309 1050 434 1114 quod
455 1044 675 1097 'adversus
700 1050 883 1096 Fabium
909 1050 1138 1098 consulem
1166 1052 1345 1098 habuis-

58 1123 136 1169 set.
173 1123 387 1169 Ceterum
415 1121 559 1168 multo
587 1122 768 1184 Appio,
793 1139 930 1186 quam
955 1123 1118 1181 Fabio,
1154 1124 1340 1171 violen-

61 1195 153 1241 tior
172 1194 271 1242 fuit.
299 1195 407 1242 Non
436 1195 554 1240 enim
587 1194 772 1241 vincere
799 1206 972 1241 tantum
999 1196 1178 1254 noluit,
1197 1209 1247 1243 ut
1264 1200 1343 1243 Fa-

60 1267 219 1314 bianus
257 1267 510 1325 exercitus,
541 1265 614 1312 sed
651 1266 776 1314 vinci
809 1267 971 1313 voluit.
1011 1268 1262 1315 Productus
1292 1269 1341 1315 in

60 1343 202 1389 aciem
242 1341 364 1405 turpi
404 1341 506 1405 fuga
542 1341 654 1404 petit
688 1341 856 1397 castra;
898 1358 982 1390 nec
1014 1356 1116 1390 ante
1156 1343 1344 1403 restitit,

60 1433 196 1480 quam
216 1416 336 1480 signa
363 1414 629 1462 inferentem
646 1414 865 1462 Volscum
891 1416 1179 1464 munimentis
1200 1418 1315 1465 vidit
1329 1455 1345 1477 ,

61 1489 326 1553 foedamque
352 1489 540 1536 extremi
563 1489 748 1554 agminis
776 1489 956 1536 caedem.
996 1490 1116 1537 Tum
1147 1493 1345 1554 expreffa

61 1565 133 1611 vis
160 1565 214 1611 ad
237 1565 522 1628 pugnandum
543 1601 557 1624 ,
591 1578 641 1611 ut
667 1564 818 1612 viffior
846 1564 933 1625 jam
960 1582 985 1611 a
1008 1566 1133 1613 vallo
1160 1566 1344 1614 submo-

61 1652 244 1685 veretur
275 1638 443 1684 hostis:
480 1638 578 1686 fiatis
603 1652 751 1686 tamen
769 1652 1024 1701 appareret,
1050 1641 1149 1703 capi
1170 1654 1343 1688 tantum

62 1712 196 1759 castra
228 1711 416 1759 militem
441 1713 701 1760 Romanum
727 1712 926 1760 noluisse.
961 1714 1034 1760 alii
1062 1715 1250 1778 gaudere
1269 1715 1344 1762 sua

61 1784 186 1831 clade
221 1798 356 1849 atque
384 1785 648 1850 ignominia.
689 1785 870 1846 Quibus
889 1785 1000 1833 nihil
1032 1786 1241 1834 infractus
1279 1786 1344 1833 fe-

61 1874 147 1903 rox
173 1859 308 1921 Appii
329 1859 527 1918 animus,
555 1877 655 1907 cum
675 1858 854 1922 insuper
876 1859 1030 1906 saevire
1051 1860 1214 1917 vellet,
1231 1876 1343 1907 con-

66 1931 338 1997 cionemque
367 1933 646 1989 advocaret;
679 1946 963 1980 concurrunt
997 1933 1052 1980 ad
1079 1950 1179 1979 eum
1211 1933 1344 1997 legati

61 2005 348 2069 tribunique,
384 2020 652 2066 monentes,
682 2024 739 2054 ne
779 2007 937 2072 utique
979 2007 1174 2070 experiri
1208 2008 1345 2055 vellet

59 2076 327 2140 imperium,
358 2079 485 2141 cujus
517 2079 588 2127 vis
617 2079 765 2127 omnis
795 2080 841 2126 in
873 2080 1093 2127 consensu
1122 2081 1344 2127 obedien-

58 2152 171 2199 tium
204 2153 321 2202 effer.
360 2155 537 2218 Negare
572 2154 715 2219 vulgo
751 2155 945 2214 milites,
980 2155 1022 2202 se
1057 2157 1111 2204 ad
1147 2158 1343 2204 concio-

61 2242 165 2274 nem
200 2226 372 2283 ituros;
412 2227 654 2291 paffimque
689 2228 894 2276 exaudiri
930 2244 1074 2276 voces
1111 2228 1344 2292 postulan-

62 2299 172 2345 tium
187 2334 201 2355 ,
218 2312 270 2345 ut
291 2300 425 2347 castra
446 2317 502 2348 ex
525 2299 822 2366 Volscqssagro
843 2305 1128 2349 moveantur.>
1159 2301 1343 2348 Hostem

62 2373 282 2420 victorem
314 2373 451 2436 paulo
480 2388 581 2422 ante
601 2391 745 2439 prope
773 2376 819 2423 in
842 2375 986 2439 portis
1017 2393 1068 2424 ac
1088 2376 1213 2423 vallo
1236 2374 1343 2421 fuis-

62 2444 132 2500 se;
159 2444 438 2511 ingentisque
468 2447 572 2494 mali
604 2465 699 2495 non
728 2447 1027 2512 suspicionem
1062 2449 1232 2505 modo,
1270 2449 1343 2494 sed

62 2530 258 2579 apertam
276 2516 466 2582 speciem
489 2519 719 2569 obversari
740 2534 842 2569 ante
868 2520 1044 2570 oculos.
1073 2521 1228 2569 Vinus
1244 2534 1342 2568 tan-
