1582 2793
274 163 870 212 HISTORIARUM
917 167 1052 212 ΜΒ.
1087 167 1182 213 111.
1334 182 1425 233 257

127 271 355 320 constaret
385 271 583 320 hostium
614 271 761 330 acies,
795 272 948 320 intulit
976 274 1121 338 figna:
1150 274 1428 339 adortusque

127 363 213 392 nec
243 362 402 393 omnes
428 345 533 390 dum
566 343 780 402 eduCtos‚
805 361 888 390 nec
921 346 1181 407 quierant,
1216 347 1316 394 satis
1347 364 1429 393 ex-

127 418 302 483 plicatis
333 417 599 475 ordinibus,
635 433 781 480 prope
817 416 1109 465 ssustuantem
1141 421 1314 466 turbam
1341 435 1428 467 tre·-

127 491 380 555 pidantium
407 491 496 538 huc
529 502 662 555 atque
694 490 802 538 illuc
822 527 836 549 ‚
868 491 1430 558 circumspectantiumque

129 565 174 612 se
206 582 257 611 ac
291 563 421 622 suos,
458 563 614 610 addito
649 563 838 611 turbatis
870 564 1098 611 mentibus
1130 565 1329 613 clamore
1360 579 1432 613 at-

128 655 220 702 que
249 639 452 702 impetu,
489 638 679 685 invadit.
719 637 930 684 Retulere
966 637 1117 700 primo
1155 640 1313 701 pedem
1347 641 1431 686 ho-

132 711 232 759 stes.
269 712 459 770 deinde,
484 729 585 758 cum
611 712 790 757 animos
821 711 1129 774 collegissent,
1155 714 1204 759 δέ
1231 713 1434 776 undique

129 787 297 843 duceS,
330 787 499 847 vie-{fiske
532 784 673 850 ceffim'
705 785 850 851 effint,
885 785 1203 849 increparent,
1237 788 1432 836 restitui-

129 870 205 906 tur
235 875 399 922 pugna.
428 883 451 893 ·-

197 934 314 980 LXI.
342 930 516 978 Consul
545 947 602 977 ex
635 930 772 978 altera
798 944 924 994 parte
947 931 1185 981 Romanos
1207 936 1435 1001 meminzffi

130 1005 319 1068 jubebat
332 1042 346 1064 ‚
365 1009 440 1052 illo
459 1010 524 1052 die
540 1010 726 1067 primum
749 1008 897 1053 liberos
915 1027 997 1068 pro
1017 1012 1145 1055 libera
1167 1013 1261 1056 urbe
1278 1013 1440 1058 Roma·

131 1100 190 1127 na
201 1099 404 1143 pugnare.
425 1083 458 1126 S
461 1082 601 1125 ibimet
619 1080 720 1145 ipsis
732 1080 911 1126 vic‘luros
924 1117 938 1137 ,
954 1100 1040 1127 non
1059 1098 1107 1127 ut
1118 1085 1437 1131 decemvirorum

132 1154 302 1201 viffores
318 1157 539 1214 praemium
559 1151 692 1216 effent.
727 1156 829 1200 Non
849 1157 995 1214 Appio
1014 1157 1114 1201 duce
1134 1174 1216 1202 rem
1233 1161 1322 1218 geri
1334 1158 1440 1218 ’fid

133 1230 300 1290 consule
313 1230 482 1274 Valerio
497 1262 510 1284 ,
532 1246 559 1272 a
585 1230 872 1274 liberatoribus
883 1233 1035 1290 populi
1049 1233 1238 1277 Romani
1257 1248 1368 1289 orto,
1384 1235 1439 1277 li-

133 1305 312 1349 beratore
328 1303 431 1363 ipso.
469 1302 735 1367 ostenderent
751 1339 765 1359 ‚
780 1305 991 1363 prioribus
1000 1307 1166 1364 proeliis
1186 1323 1265 1365 per
1283 1309 1405 1350 duces
1423 1340 1441 1362 ,

132 1396 220 1422 non
230 1390 309 1436 per
324 1378 477 1421 milites
490 1372 657 1441 ,stetiffe
668 1412 682 1431 ‚
700 1395 751 1422 ne
770 1380 988 1423 vincerent.
1014 1379 1149 1437 Turpe
1165 1374 1236 1441 effe
1255 1413 1267 1433 ,
1291 1394 1437 1424 contra

134 1452 242 1496 cives
254 1452 356 1510 plus
373 1451 511 1494 animi
527 1445 734 1512 habuiffi,
751 1467 873 1509 quum
894 1464 1037 1494 contra
1056 1448 1210 1514 hostes:
1235 1446 1277 1494 δ’
1297 1452 1440 1508 domi,

132 1541 258 1584 quam
266 1521 383 1580 fhris
392 1557 407 1578 ,
412 1521 654 1581 servitutem
667 1524 803 1583 magis
817 1518 1004 1584 timuiffe.
1030 1524 1176 1566 Unum
1195 1527 1237 1567 V
1237 1525 1440 1584 irginiam

124 1593 252 1660 ficiffi
266 1629 282 1651 ‚
309 1595 428 1651 cujus
448 1598 666 1655 pudicitiae
698 1597 743 1639 in
763 1613 870 1655 pace
885 1597 1118 1655 periculum
1150 1592 1268 1658 effic:
1303 1615 1436 1641 unum

135 1672 332 1730 Appium
358 1671 484 1713 civem
505 1668 744 1729 periculosa:
769 1671 978 1714 libidinis.
1009 1669 1140 1733 at‚si
1153 1669 1336 1728 fortuna
1356 1673 1438 1717 bel-

134 1747 168 1789 li
202 1745 402 1798 inclinet,
429 1745 616 1787 omnium
647 1744 785 1788 liberis
807 1745 860 1787 ab
879 1760 937 1788 tot
957 1745 1145 1789 millibus
1171 1744 1345 1808 hostium
1361 1764 1436 1805 pe-

134 1815 427 1874 riculumfbre.
459 1816 583 1861 Nolle
601 1820 807 1872 ominari,
827 1836 914 1878 quae
932 1837 1003 1863 nec
1018 1819 1203 1878 Jupiter,
1223 1838 1295 1864 nec
1313 1822 1439 1866 Mars

129 1905 253 1951 pater
273 1885 435 1952 pafficri
455 1889 553 1953 sint
581 1892 636 1934 iis
669 1890 870 1950 auspiciis
907 1893 1082 1936 conditae
1119 1893 1211 1936 urbi
1245 1896 1442 1942 accidere.

136 1960 356 2009 Aventini
383 1962 595 2024 Sacrique
617 1962 787 2007 montis
813 1962 1112 2019 admonebat,
1132 1980 1206 2022 ut,
1224 1967 1298 2010 ubi
1318 1967 1441 2012 liber-

135 2053 205 2082 tas
216 2052 345 2100 parta
364 2032 454 2099 efflet
465 2039 618 2096 paucis
645 2053 741 2081 ante
759 2036 962 2101 menstbus
982 2071 995 2093 ,
1025 2055 1069 2082 eo
1098 2039 1319 2097 imperium
1349 2041 1442 2085 illi-

137 2114 280 2156 batum
306 2109 523 2168 referrent:
554 2110 898 2175 ostenderentque,
937 2114 1108 2156 eandem
1139 2115 1323 2158 indolem
1356 2117 1441 2160 mi-

136 2188 283 2231 litibus
310 2187 522 2230 Romanis
541 2187 637 2252 post
651 2186 818 2231 exac‘los
850 2189 1099 2232 decemviros
1127 2185 1197 2251 effe
1212 2223 1227 2244 ,
1254 2208 1341 2249 quae
1361 2209 1439 2235 an-

139 2276 176 2306 te
190 2275 344 2305 creatos
393 2262 526 2305 uerit:
543 2277 614 2304 nec
629 2293 642 2315 ‚
661 2263 832 2321 aequatis
852 2264 1010 2323 legibus
1029 2296 1043 2316 ‚
1072 2265 1339 2308 imminutam
1358 2268 1442 2309 vir-

139 2350 263 2380 tutem
278 2335 428 2393 populi
449 2335 638 2379 Romani
667 2332 748 2397 effi.
787 2334 897 2381 Haec
916 2334 994 2380 ubi
1017 2334 1134 2380 inter
1166 2335 1285 2398 signa
1317 2336 1441 2398 pedi-

137 2418 238 2453 tum
267 2405 382 2450 dieta
414 2405 536 2451 dedit
556 2441 570 2464 ,
601 2407 758 2453 avolat
785 2406 947 2453 deinde
978 2408 1033 2453 ad
1051 2408 1253 2470 equites:
1282 2413 1442 2471 Agite,

130 2482 313 2540 juvenes
331 2516 343 2537 ‚
376 2480 556 2544 inquit,
582 2484 770 2550 praestate
804 2486 952 2533 virtute
974 2486 1155 2544 peditem
1175 2518 1190 2542 ,
1219 2500 1266 2530 ut
1290 2486 1445 2532 honore

213 2555 262 2600 T.
280 2555 375 2602 Liv.
411 2557 510 2602 Vol.
526 2556 565 2602 Ι.
1099 2554 1143 2600 R
