1582 2793
114 206 176 254 80
467 201 693 251 TITI
770 203 1044 252 LIVII

110 330 312 378 quorum
343 325 439 360 erat
471 312 697 377 primum,
727 325 778 360 ut
796 314 925 362 Jovis
957 312 1180 378 templum
1208 311 1256 360 in
1286 316 1418 361 mori·

111 402 157 436 te
185 389 418 452 Tarpeio,
454 402 806 436 monumentum
840 389 969 453 regni
1003 390 1070 436 sui
1096 388 1420 454 nominisque,

111 462 417 527 relinqueret:
449 461 730 525 Tarquinios
752 477 877 524 reges
903 461 1094 520 ambos,
1126 475 1301 525 patrem
1329 478 1420 509 vo·
1498 488 1500 492 v

112 536 257 594 visse,
289 533 434 583 filium
457 534 702 600 perfeciffe.
739 536 824 592 Et,
855 547 906 581 ut
935 535 1077 583 libera
1108 553 1131 582 a
1161 536 1319 584 ceteris
1346 552 1421 582 re-

110 604 362 673 ligionibus
383 627 485 656 area
503 608 608 656 effer
625 621 724 654 tota
736 606 866 655 Jovis
888 609 1137 672 templique
1156 609 1268 670 ejus,
1290 607 1425 672 quod

111 682 495 738 inaedificaretur;
528 699 804 747 exaugurare
829 681 931 730 fana
959 671 1211 749 sacellaque
1235 684 1420 741 statuit,

110 774 215 822 quae
240 759 416 821 aliquot
447 757 508 803 ibi
538 775 561 804 a
580 756 719 804 Tatio
753 773 888 820 rege,
916 755 1118 818 primum
1140 757 1188 803 in
1206 756 1304 820 ipso
1334 756 1423 803 dis-

111 832 303 880 crimine
339 831 553 878 adversus
590 830 840 877 Romulum
874 847 1040 894 pugna:
1072 842 1222 889 vota,
1256 829 1422 878 conse·-

111 920 262 965 crata‚
295 906 650 971 inaugurataque
682 904 838 969 postea
868 903 1060 953 fuerant.
1098 907 1221 953 Inter
1250 905 1421 969 princi·

111 982 187 1044 pia
221 982 450 1028 condendi
484 980 616 1043 hujus
645 980 795 1044 operis
832 980 1028 1028 moviffe
1063 997 1232 1027 numen
1262 980 1318 1026 ad
1345 978 1422 1026 in-

111 1055 350 1101 dicandam
371 1055 483 1100 tanti
504 1053 682 1117 imperii
703 1052 874 1099 molem
893 1052 1086 1100 traditur
1108 1054 1265 1100 Deos:
1288 1070 1420 1111 narn,

112 1147 218 1177 cum
249 1129 456 1175 omnium
489 1128 756 1173 sacellorum
793 1125 1172 1189 exaugurationes
1206 1126 1422 1173 admitte-

111 1215 214 1249 rent
242 1217 349 1247 aves
365 1237 376 1258 ‚
400 1201 446 1245 in
468 1198 676 1244 Termini
699 1197 808 1244 fano
833 1214 927 1244 non
950 1197 1179 1244 addixere.
1212 1196 1260 1242 Id
1282 1212 1422 1244 omen

110 1277 445 1340 auguriumque
479 1272 538 1318 ita
570 1282 808 1332 acceptum
839 1270 927 1318 est:
971 1287 1069 1317 non
1097 1282 1272 1317 motam
1302 1270 1422 1316 Ter-

108 1350 225 1398 mini
252 1349 398 1394 sedem
420 1383 433 1403 ‚
464 1361 701 1408 unumque
731 1361 833 1391 eum
866 1344 1082 1390 Deorum
1118 1361 1217 1390 non
1250 1360 1422 1392 evoca·

110 1434 209 1470 tum
238 1421 418 1469 sacratis
454 1419 535 1465 fibi
570 1416 768 1474 finibus,
803 1414 931 1463 firma
961 1416 1224 1480 stabiliaque
1262 1417 1423 1465 cunila

113 1493 405 1559 portendere.
432 1491 538 1538 Hoc
556 1488 871 1553 perpetuitatis
892 1488 1092 1553 auspicio
1122 1506 1340 1554 accepto,
1358 1490 1424 1537 se-

115 1580 272 1616 cutum
303 1566 425 1613 aliud
445 1601 459 1625 ,
496 1563 861 1628 magnitudinem
892 1563 1072 1626 imperii
1104 1564 1386 1627 portendens
1405 1599 1422 1624 ,

113 1641 377 1708 prodigium
410 1639 485 1687 est.
525 1651 661 1702 caput
682 1639 929 1684 humanum
952 1638 1127 1702 integra
1157 1637 1272 1685 facie
1312 1654 1421 1701 ape-

113 1716 335 1764 rientibus
353 1713 645 1761 fundamenta
658 1711 815 1774 templi
835 1710 1001 1758 dicitur
1016 1711 1278 1774 apparuisse.
1300 1712 1423 1771 Quae

114 1789 211 1836 visa
242 1788 436 1852 species,
457 1786 576 1833 haud
602 1802 684 1849 per
707 1785 939 1849 ambages,
970 1802 1116 1832 arcem
1150 1802 1247 1833 eam
1271 1786 1422 1848 impe-

115 1864 173 1912 rii
194 1876 419 1926 caputque
447 1877 599 1907 rerum
625 1859 726 1906 fore
751 1859 1078 1922 portendebat:
1107 1860 1243 1925 idque
1263 1859 1322 1905 ita
1350 1876 1423 1906 ce-

117 1941 272 1988 cinere
306 1950 430 1985 rates
450 1973 463 1996 ‚
500 1937 673 2001 quique
707 1934 755 1981 in
788 1935 898 1981 urbe
934 1947 1091 1994 erant,
1127 1932 1332 1999 quosque
1365 1932 1423 1980 ad

117 2031 216 2062 eam
241 2029 335 2059 rem
366 2011 712 2059 consultandam
738 2026 795 2055 ex
818 2009 997 2056 Etruria
1025 2009 1303 2057 acciverant.
1327 2011 1422 2054 Au·

117 2089 306 2153 gebatur
334 2086 390 2133 ad
418 2084 640 2149 impensas
670 2084 788 2148 regis
819 2083 1011 2131 animus.
1047 2085 1201 2146 Itaque
1223 2081 1423 2128 Pometi-

115 2178 188 2207 nae
221 2160 476 2218 manubiae‚
512 2176 614 2223 quae
650 2158 944 2222 perducendo
983 2157 1039 2204 ad
1075 2156 1254 2203 culmen
1289 2153 1421 2219 operi

117 2233 348 2280 destinatae
369 2245 524 2291 erant,
556 2232 639 2278 vix
669 2232 716 2278 in
743 2230 1036 2277 fundamenta
1060 2229 1422 2293 suppeditavere.

117 2324 175 2355 eo
214 2306 351 2370 magis
384 2306 521 2352 fabio
540 2342 553 2364 ‚
582 2318 884 2369 praeterquam
911 2305 1038 2367 quod
1067 2303 1301 2367 antiquior
1334 2302 1423 2362 est,

117 2379 387 2429 crediderim
408 2415 422 2437 ‚
463 2379 796 2443 quadringenta
832 2394 883 2424 ea
920 2377 1013 2424 sola
1051 2377 1221 2424 talenta
1257 2376 1419 2432 fiaifi‘e,

116 2466 251 2518 quam
275 2453 427 2499 Pisoni
445 2489 458 2511 ‚
490 2452 569 2516 qui
591 2452 884 2516 quadraginta
912 2452 1053 2498 millia
1080 2452 1241 2515 pondo
1262 2467 1423 2515 argen-

118 2530 152 2576 ti
183 2529 373 2593 sepofita
403 2529 451 2576 in
481 2546 578 2576 eam
606 2544 702 2575 rem
733 2527 916 2588 scribit,
955 2527 1176 2575 summam
1210 2526 1418 2591 pecuniae
