<?xml version="1.0" encoding="UTF-8"?>
<!DOCTYPE html PUBLIC "-//W3C//DTD XHTML 1.0 Transitional//EN"
    "http://www.w3.org/TR/xhtml1/DTD/xhtml1-transitional.dtd">
<html xmlns="http://www.w3.org/1999/xhtml" xml:lang="en" lang="en">
 <head>
  <title>
</title>
<meta http-equiv="Content-Type" content="text/html;charset=utf-8" />
  <meta name='ocr-system' content='tesseract 3.04.00' />
  <meta name='ocr-capabilities' content='ocr_page ocr_carea ocr_par ocr_line ocrx_word'/>
</head>
<body>
  <div class='ocr_page' id='page_1' title='image "./historiarumlibri01livyuoft_0253.png"; bbox 0 0 1582 2793; ppageno 0'>
   <div class='ocr_carea' id='block_1_1' title="bbox 179 165 1365 407">
    <p class='ocr_par' dir='ltr' id='par_1_1' title="bbox 179 165 1365 407">
     <span class='ocr_line' id='line_1_1' title="bbox 1305 165 1365 232; baseline 0 0"><span class='ocrx_word' id='word_1_1' title='bbox 1305 165 1365 232; x_wconf 71' lang='lat'><strong>89</strong></span> 
     </span>
     <span class='ocr_line' id='line_1_2' title="bbox 179 347 1258 407; baseline 0.003 -3"><span class='ocrx_word' id='word_1_2' title='bbox 179 347 382 405; x_wconf 93' lang='lat' dir='ltr'>TITI</span> <span class='ocrx_word' id='word_1_3' title='bbox 451 347 698 404; x_wconf 90' lang='lat' dir='ltr'>LIVII</span> <span class='ocrx_word' id='word_1_4' title='bbox 767 347 1258 407; x_wconf 90' lang='lat' dir='ltr'><strong>PATAVINI</strong></span> 
     </span>
    </p>
   </div>
   <div class='ocr_carea' id='block_1_2' title="bbox 71 513 1368 609">
    <p class='ocr_par' dir='ltr' id='par_1_2' title="bbox 71 513 1368 609">
     <span class='ocr_line' id='line_1_3' title="bbox 71 513 1368 609; baseline 0.004 -5"><span class='ocrx_word' id='word_1_5' title='bbox 71 513 1368 609; x_wconf 85' lang='lat' dir='ltr'><strong>HISTORIARUM</strong></span> 
     </span>
    </p>
   </div>
   <div class='ocr_carea' id='block_1_3' title="bbox 301 704 1138 754">
    <p class='ocr_par' dir='ltr' id='par_1_3' title="bbox 301 704 1138 754">
     <span class='ocr_line' id='line_1_4' title="bbox 301 704 1138 754; baseline 0 -2"><span class='ocrx_word' id='word_1_6' title='bbox 301 707 396 752; x_wconf 88' lang='lat' dir='ltr'><strong>AB</strong></span> <span class='ocrx_word' id='word_1_7' title='bbox 458 706 674 754; x_wconf 87' lang='lat' dir='ltr'>URBE</span> <span class='ocrx_word' id='word_1_8' title='bbox 742 704 1138 753; x_wconf 89' lang='lat' dir='ltr'>CONDITA</span> 
     </span>
    </p>
   </div>
   <div class='ocr_carea' id='block_1_4' title="bbox 449 859 985 916">
    <p class='ocr_par' dir='ltr' id='par_1_4' title="bbox 449 859 985 916">
     <span class='ocr_line' id='line_1_5' title="bbox 449 859 985 916; baseline 0.004 -2"><span class='ocrx_word' id='word_1_9' title='bbox 449 859 799 915; x_wconf 90' lang='lat' dir='ltr'>LIBER</span> <span class='ocrx_word' id='word_1_10' title='bbox 885 860 985 916; x_wconf 93' lang='grc' dir='ltr'><strong>ΙΙ.</strong></span> 
     </span>
    </p>
   </div>
   <div class='ocr_carea' id='block_1_5' title="bbox 69 1017 1368 1033">
    <p class='ocr_par' dir='ltr' id='par_1_5' title="bbox 69 1017 1368 1033">
     <span class='ocr_line' id='line_1_6' title="bbox 69 1017 1368 1033; baseline 0.001 -2"><span class='ocrx_word' id='word_1_11' title='bbox 69 1017 1368 1033; x_wconf 45' lang='grc' dir='ltr'><strong>-ῄῂ-ῇ--αῇᾞ</strong></span> 
     </span>
    </p>
   </div>
   <div class='ocr_carea' id='block_1_6' title="bbox 448 1139 986 1196">
    <p class='ocr_par' dir='ltr' id='par_1_6' title="bbox 448 1139 986 1196">
     <span class='ocr_line' id='line_1_7' title="bbox 448 1139 986 1196; baseline -0.002 -1"><span class='ocrx_word' id='word_1_12' title='bbox 448 1139 986 1196; x_wconf 88' lang='lat' dir='ltr'>EPITOME</span> 
     </span>
    </p>
   </div>
   <div class='ocr_carea' id='block_1_7' title="bbox 277 1286 1152 1331">
    <p class='ocr_par' dir='ltr' id='par_1_7' title="bbox 277 1286 1152 1331">
     <span class='ocr_line' id='line_1_8' title="bbox 277 1286 1152 1331; baseline -0.003 0"><span class='ocrx_word' id='word_1_13' title='bbox 277 1286 587 1331; x_wconf 80' lang='lat' dir='ltr'><strong>LIBRI</strong></span> <span class='ocrx_word' id='word_1_14' title='bbox 664 1288 1152 1329; x_wconf 91' lang='lat' dir='ltr'>SECUNDI.</span> 
     </span>
    </p>
   </div>
   <div class='ocr_carea' id='block_1_8' title="bbox 64 1408 1371 2526">
    <p class='ocr_par' dir='ltr' id='par_1_8' title="bbox 71 1408 1371 2401">
     <span class='ocr_line' id='line_1_9' title="bbox 71 1408 1370 1462; baseline -0.001 -11"><span class='ocrx_word' id='word_1_15' title='bbox 71 1410 211 1452; x_wconf 87' lang='lat' dir='ltr'><strong>Brutus</strong></span> <span class='ocrx_word' id='word_1_16' title='bbox 240 1410 492 1460; x_wconf 79' lang='lat' dir='ltr'><strong>jureJ&#39;urando</strong></span> <span class='ocrx_word' id='word_1_17' title='bbox 532 1408 723 1461; x_wconf 84' lang='lat' dir='ltr'><strong>populum</strong></span> <span class='ocrx_word' id='word_1_18' title='bbox 749 1408 973 1457; x_wconf 83' lang='lat' dir='ltr'><strong>adstrinxit,</strong></span> <span class='ocrx_word' id='word_1_19' title='bbox 1003 1409 1197 1449; x_wconf 87' lang='lat' dir='ltr'><strong>neminem</strong></span> <span class='ocrx_word' id='word_1_20' title='bbox 1236 1423 1370 1462; x_wconf 82' lang='lat' dir='ltr'><strong>regna·</strong></span> 
     </span>
     <span class='ocr_line' id='line_1_10' title="bbox 123 1470 1369 1523; baseline 0 -11"><span class='ocrx_word' id='word_1_21' title='bbox 123 1485 163 1512; x_wconf 87' lang='lat' dir='ltr'><strong>re</strong></span> <span class='ocrx_word' id='word_1_22' title='bbox 189 1473 321 1512; x_wconf 85' lang='lat' dir='ltr'><strong>Romae</strong></span> <span class='ocrx_word' id='word_1_23' title='bbox 345 1470 514 1522; x_wconf 81' lang='lat' dir='ltr'><strong>passuros</strong></span> <span class='ocrx_word' id='word_1_24' title='bbox 543 1485 551 1511; x_wconf 91' lang='lat'>:</span> <span class='ocrx_word' id='word_1_25' title='bbox 603 1472 854 1522; x_wconf 80' lang='lat' dir='ltr'>Tarquinium</span> <span class='ocrx_word' id='word_1_26' title='bbox 880 1470 1116 1512; x_wconf 75' lang='lat' dir='ltr'>Collatinum</span> <span class='ocrx_word' id='word_1_27' title='bbox 1134 1503 1146 1519; x_wconf 93' lang='lat'><em>‚</em></span> <span class='ocrx_word' id='word_1_28' title='bbox 1179 1471 1369 1523; x_wconf 70' lang='lat' dir='ltr'><strong>collegam</strong></span> 
     </span>
     <span class='ocr_line' id='line_1_11' title="bbox 123 1533 1371 1586; baseline 0.002 -13"><span class='ocrx_word' id='word_1_29' title='bbox 123 1533 234 1573; x_wconf 88' lang='lat' dir='ltr'><strong>suum</strong></span> <span class='ocrx_word' id='word_1_30' title='bbox 247 1565 260 1582; x_wconf 91' lang='lat'><strong>,</strong></span> <span class='ocrx_word' id='word_1_31' title='bbox 286 1542 443 1584; x_wconf 87' lang='lat' dir='ltr'><strong>propter</strong></span> <span class='ocrx_word' id='word_1_32' title='bbox 463 1533 690 1573; x_wconf 82' lang='lat' dir='ltr'><strong>affinitatem</strong></span> <span class='ocrx_word' id='word_1_33' title='bbox 707 1534 1004 1584; x_wconf 82' lang='lat' dir='ltr'>Tarquiniorum</span> <span class='ocrx_word' id='word_1_34' title='bbox 1022 1534 1239 1586; x_wconf 51' lang='lat' dir='ltr'><strong>suspeclum</strong></span> <span class='ocrx_word' id='word_1_35' title='bbox 1254 1567 1265 1585; x_wconf 89' lang='lat'><strong>,</strong></span> <span class='ocrx_word' id='word_1_36' title='bbox 1282 1549 1371 1575; x_wconf 85' lang='lat' dir='ltr'><strong>coe-</strong></span> 
     </span>
     <span class='ocr_line' id='line_1_12' title="bbox 124 1594 1370 1648; baseline 0.002 -14"><span class='ocrx_word' id='word_1_37' title='bbox 124 1596 181 1648; x_wconf 84' lang='lat' dir='ltr'><strong>git</strong></span> <span class='ocrx_word' id='word_1_38' title='bbox 207 1594 406 1635; x_wconf 83' lang='lat' dir='ltr'>consulatu</span> <span class='ocrx_word' id='word_1_39' title='bbox 437 1594 474 1634; x_wconf 91' lang='lat' dir='ltr'><strong>se</strong></span> <span class='ocrx_word' id='word_1_40' title='bbox 503 1596 712 1645; x_wconf 86' lang='lat' dir='ltr'><strong>abdicare,</strong></span> <span class='ocrx_word' id='word_1_41' title='bbox 743 1598 778 1635; x_wconf 65' lang='lat' dir='ltr'><strong>Sc</strong></span> <span class='ocrx_word' id='word_1_42' title='bbox 810 1596 964 1634; x_wconf 81' lang='lat' dir='ltr'><strong>civitate</strong></span> <span class='ocrx_word' id='word_1_43' title='bbox 999 1597 1149 1636; x_wconf 83' lang='lat' dir='ltr'><strong>cedere.</strong></span> <span class='ocrx_word' id='word_1_44' title='bbox 1191 1597 1292 1637; x_wconf 78' lang='lat' dir='ltr'><strong>bona</strong></span> <span class='ocrx_word' id='word_1_45' title='bbox 1312 1611 1370 1637; x_wconf 75' lang='lat' dir='ltr'><strong>rc-</strong></span> 
     </span>
     <span class='ocr_line' id='line_1_13' title="bbox 125 1655 1370 1708; baseline 0.001 -13"><span class='ocrx_word' id='word_1_46' title='bbox 125 1670 218 1708; x_wconf 82' lang='lat' dir='ltr'><strong>gum</strong></span> <span class='ocrx_word' id='word_1_47' title='bbox 246 1657 361 1707; x_wconf 85' lang='lat' dir='ltr'>diripi</span> <span class='ocrx_word' id='word_1_48' title='bbox 395 1655 524 1706; x_wconf 84' lang='lat' dir='ltr'><strong>jussit:</strong></span> <span class='ocrx_word' id='word_1_49' title='bbox 560 1670 694 1708; x_wconf 83' lang='lat' dir='ltr'><strong>agrum</strong></span> <span class='ocrx_word' id='word_1_50' title='bbox 724 1656 841 1696; x_wconf 82' lang='lat' dir='ltr'><strong>Marti</strong></span> <span class='ocrx_word' id='word_1_51' title='bbox 872 1656 1134 1706; x_wconf 80' lang='lat' dir='ltr'><strong>consecravit,</strong></span> <span class='ocrx_word' id='word_1_52' title='bbox 1165 1658 1228 1708; x_wconf 82' lang='lat' dir='ltr'><strong>qui</strong></span> <span class='ocrx_word' id='word_1_53' title='bbox 1257 1658 1370 1697; x_wconf 74' lang='lat' dir='ltr'><strong>Cam-</strong></span> 
     </span>
     <span class='ocr_line' id='line_1_14' title="bbox 123 1718 1370 1770; baseline 0.002 -13"><span class='ocrx_word' id='word_1_54' title='bbox 123 1731 198 1770; x_wconf 87' lang='lat' dir='ltr'><strong>pus</strong></span> <span class='ocrx_word' id='word_1_55' title='bbox 234 1718 397 1759; x_wconf 85' lang='lat' dir='ltr'><strong>Martius</strong></span> <span class='ocrx_word' id='word_1_56' title='bbox 437 1719 659 1758; x_wconf 79' lang='lat' dir='ltr'><strong>nominatus</strong></span> <span class='ocrx_word' id='word_1_57' title='bbox 705 1718 769 1758; x_wconf 87' lang='lat' dir='ltr'><strong>est.</strong></span> <span class='ocrx_word' id='word_1_58' title='bbox 815 1718 1078 1759; x_wconf 82' lang='lat' dir='ltr'><strong>adolescentes</strong></span> <span class='ocrx_word' id='word_1_59' title='bbox 1118 1719 1294 1769; x_wconf 82' lang='lat' dir='ltr'><strong>nobiles,</strong></span> <span class='ocrx_word' id='word_1_60' title='bbox 1330 1722 1370 1760; x_wconf 84' lang='lat' dir='ltr'><strong>in</strong></span> 
     </span>
     <span class='ocr_line' id='line_1_15' title="bbox 124 1781 1368 1835; baseline 0 -13"><span class='ocrx_word' id='word_1_61' title='bbox 124 1783 264 1834; x_wconf 86' lang='lat' dir='ltr'><strong>quibus</strong></span> <span class='ocrx_word' id='word_1_62' title='bbox 288 1782 375 1823; x_wconf 87' lang='lat' dir='ltr'><strong>suos</strong></span> <span class='ocrx_word' id='word_1_63' title='bbox 399 1796 555 1835; x_wconf 89' lang='lat' dir='ltr'><strong>quoque</strong></span> <span class='ocrx_word' id='word_1_64' title='bbox 579 1786 615 1823; x_wconf 72' lang='grc' dir='ltr'><strong>δε</strong></span> <span class='ocrx_word' id='word_1_65' title='bbox 643 1782 778 1822; x_wconf 88' lang='lat' dir='ltr'><strong>sororis</strong></span> <span class='ocrx_word' id='word_1_66' title='bbox 801 1781 925 1831; x_wconf 85' lang='lat' dir='ltr'><strong>filios,</strong></span> <span class='ocrx_word' id='word_1_67' title='bbox 953 1783 1042 1832; x_wconf 81' lang='lat' dir='ltr'><strong>quia</strong></span> <span class='ocrx_word' id='word_1_68' title='bbox 1071 1784 1368 1832; x_wconf 79' lang='lat' dir='ltr'><strong>conjuraverant</strong></span> 
     </span>
     <span class='ocr_line' id='line_1_16' title="bbox 125 1843 1368 1897; baseline 0 -13"><span class='ocrx_word' id='word_1_69' title='bbox 125 1845 174 1884; x_wconf 86' lang='lat' dir='ltr'><strong>de</strong></span> <span class='ocrx_word' id='word_1_70' title='bbox 210 1846 438 1897; x_wconf 86' lang='lat' dir='ltr'><strong>recipiendis</strong></span> <span class='ocrx_word' id='word_1_71' title='bbox 468 1844 649 1896; x_wconf 84' lang='lat' dir='ltr'><strong>regibus,</strong></span> <span class='ocrx_word' id='word_1_72' title='bbox 680 1844 801 1885; x_wconf 77' lang='lat' dir='ltr'><strong>securi</strong></span> <span class='ocrx_word' id='word_1_73' title='bbox 830 1843 1022 1895; x_wconf 81' lang='lat' dir='ltr'><strong>percuffit.</strong></span> <span class='ocrx_word' id='word_1_74' title='bbox 1072 1844 1178 1884; x_wconf 78' lang='lat' dir='ltr'><strong>servo</strong></span> <span class='ocrx_word' id='word_1_75' title='bbox 1220 1845 1368 1892; x_wconf 84' lang='lat' dir='ltr'><strong>indici,</strong></span> 
     </span>
     <span class='ocr_line' id='line_1_17' title="bbox 123 1908 1368 1957; baseline 0.001 -11"><span class='ocrx_word' id='word_1_76' title='bbox 123 1908 187 1946; x_wconf 89' lang='lat' dir='ltr'><strong>cui</strong></span> <span class='ocrx_word' id='word_1_77' title='bbox 216 1909 395 1948; x_wconf 91' lang='lat' dir='ltr'><strong>Vindicio</strong></span> <span class='ocrx_word' id='word_1_78' title='bbox 425 1921 569 1948; x_wconf 89' lang='lat' dir='ltr'><strong>nomen</strong></span> <span class='ocrx_word' id='word_1_79' title='bbox 601 1909 704 1956; x_wconf 83' lang='lat' dir='ltr'><strong>fuit,</strong></span> <span class='ocrx_word' id='word_1_80' title='bbox 736 1908 951 1948; x_wconf 65' lang='lat' dir='ltr'><strong>libertatem</strong></span> <span class='ocrx_word' id='word_1_81' title='bbox 981 1908 1124 1948; x_wconf 87' lang='lat' dir='ltr'><strong>dedit:</strong></span> <span class='ocrx_word' id='word_1_82' title='bbox 1175 1921 1221 1947; x_wconf 83' lang='lat' dir='ltr'><strong>ex</strong></span> <span class='ocrx_word' id='word_1_83' title='bbox 1255 1910 1368 1957; x_wconf 73' lang='lat' dir='ltr'><strong>cujus</strong></span> 
     </span>
     <span class='ocr_line' id='line_1_18' title="bbox 123 1971 1366 2022; baseline -0.001 -12"><span class='ocrx_word' id='word_1_84' title='bbox 123 1971 283 2010; x_wconf 87' lang='lat' dir='ltr'><strong>nomine</strong></span> <span class='ocrx_word' id='word_1_85' title='bbox 304 1972 473 2011; x_wconf 61' lang='lat' dir='ltr'><strong>vindicta</strong></span> <span class='ocrx_word' id='word_1_86' title='bbox 499 1971 551 2010; x_wconf 92' lang='lat' dir='ltr'><strong>est</strong></span> <span class='ocrx_word' id='word_1_87' title='bbox 569 1971 775 2022; x_wconf 77' lang='lat' dir='ltr'><strong>appellata.</strong></span> <span class='ocrx_word' id='word_1_88' title='bbox 808 1972 905 2011; x_wconf 90' lang='lat' dir='ltr'><strong>Cum</strong></span> <span class='ocrx_word' id='word_1_89' title='bbox 923 1971 1102 2011; x_wconf 88' lang='lat' dir='ltr'><strong>adversus</strong></span> <span class='ocrx_word' id='word_1_90' title='bbox 1131 1985 1237 2022; x_wconf 79' lang='lat' dir='ltr'><strong>reges</strong></span> <span class='ocrx_word' id='word_1_91' title='bbox 1251 2004 1261 2020; x_wconf 92' lang='lat'>‚</span> <span class='ocrx_word' id='word_1_92' title='bbox 1280 1972 1366 2021; x_wconf 84' lang='lat' dir='ltr'><strong>qui,</strong></span> 
     </span>
     <span class='ocr_line' id='line_1_19' title="bbox 125 2032 1369 2084; baseline 0.002 -14"><span class='ocrx_word' id='word_1_93' title='bbox 125 2033 332 2072; x_wconf 66' lang='lat' dir='ltr'><strong>contrastis</strong></span> <span class='ocrx_word' id='word_1_94' title='bbox 359 2033 583 2083; x_wconf 90' lang='lat' dir='ltr'><strong>Vejentium</strong></span> <span class='ocrx_word' id='word_1_95' title='bbox 621 2036 655 2074; x_wconf 71' lang='grc' dir='ltr'><strong>δε</strong></span> <span class='ocrx_word' id='word_1_96' title='bbox 681 2033 1015 2084; x_wconf 74' lang='lat' dir='ltr'><strong>Tarquiniensium</strong></span> <span class='ocrx_word' id='word_1_97' title='bbox 1043 2033 1190 2084; x_wconf 86' lang='lat' dir='ltr'><strong>copiis,</strong></span> <span class='ocrx_word' id='word_1_98' title='bbox 1220 2032 1369 2073; x_wconf 86' lang='lat' dir='ltr'><strong>bellum</strong></span> 
     </span>
     <span class='ocr_line' id='line_1_20' title="bbox 122 2094 1368 2145; baseline 0.002 -12"><span class='ocrx_word' id='word_1_99' title='bbox 122 2094 357 2144; x_wconf 85' lang='lat' dir='ltr'><strong>intulerant,</strong></span> <span class='ocrx_word' id='word_1_100' title='bbox 386 2097 598 2136; x_wconf 79' lang='lat' dir='ltr'><strong>exercitum</strong></span> <span class='ocrx_word' id='word_1_101' title='bbox 629 2096 816 2145; x_wconf 76' lang='lat' dir='ltr'><strong>duxisset,</strong></span> <span class='ocrx_word' id='word_1_102' title='bbox 845 2098 883 2136; x_wconf 90' lang='lat' dir='ltr'><strong>in</strong></span> <span class='ocrx_word' id='word_1_103' title='bbox 911 2101 992 2137; x_wconf 80' lang='lat' dir='ltr'><strong>acie</strong></span> <span class='ocrx_word' id='word_1_104' title='bbox 1022 2110 1111 2137; x_wconf 90' lang='lat' dir='ltr'><strong>cum</strong></span> <span class='ocrx_word' id='word_1_105' title='bbox 1134 2099 1300 2145; x_wconf 85' lang='lat' dir='ltr'><strong>Arunte,</strong></span> <span class='ocrx_word' id='word_1_106' title='bbox 1329 2097 1368 2136; x_wconf 77' lang='lat' dir='ltr'><strong>fi-</strong></span> 
     </span>
     <span class='ocr_line' id='line_1_21' title="bbox 122 2156 1365 2211; baseline 0.001 -15"><span class='ocrx_word' id='word_1_107' title='bbox 122 2156 176 2196; x_wconf 89' lang='lat' dir='ltr'><strong>]io</strong></span> <span class='ocrx_word' id='word_1_108' title='bbox 203 2158 391 2209; x_wconf 88' lang='lat' dir='ltr'><strong>Superbi,</strong></span> <span class='ocrx_word' id='word_1_109' title='bbox 420 2168 687 2199; x_wconf 86' lang='lat' dir='ltr'><strong>commortuus</strong></span> <span class='ocrx_word' id='word_1_110' title='bbox 713 2159 787 2198; x_wconf 85' lang='lat' dir='ltr'><strong>est:</strong></span> <span class='ocrx_word' id='word_1_111' title='bbox 815 2172 981 2211; x_wconf 86' lang='lat' dir='ltr'><strong>cumque</strong></span> <span class='ocrx_word' id='word_1_112' title='bbox 1009 2169 1191 2199; x_wconf 70' lang='lat' dir='ltr'><strong>matrona:</strong></span> <span class='ocrx_word' id='word_1_113' title='bbox 1222 2172 1365 2198; x_wconf 85' lang='lat' dir='ltr'><strong>annum</strong></span> 
     </span>
     <span class='ocr_line' id='line_1_22' title="bbox 126 2218 1367 2274; baseline 0.002 -16"><span class='ocrx_word' id='word_1_114' title='bbox 126 2218 316 2261; x_wconf 83' lang='lat' dir='ltr'><strong>luxerunt.</strong></span> <span class='ocrx_word' id='word_1_115' title='bbox 351 2221 388 2261; x_wconf 91' lang='lat' dir='ltr'><strong>P.</strong></span> <span class='ocrx_word' id='word_1_116' title='bbox 414 2220 586 2261; x_wconf 84' lang='lat' dir='ltr'><strong>Valerius</strong></span> <span class='ocrx_word' id='word_1_117' title='bbox 617 2221 750 2261; x_wconf 90' lang='lat' dir='ltr'><strong>consul</strong></span> <span class='ocrx_word' id='word_1_118' title='bbox 778 2222 902 2273; x_wconf 77' lang='lat' dir='ltr'><strong>legem</strong></span> <span class='ocrx_word' id='word_1_119' title='bbox 935 2223 983 2263; x_wconf 89' lang='lat' dir='ltr'><strong>de</strong></span> <span class='ocrx_word' id='word_1_120' title='bbox 1013 2223 1291 2274; x_wconf 84' lang='lat' dir='ltr'><strong>provocatione</strong></span> <span class='ocrx_word' id='word_1_121' title='bbox 1318 2222 1367 2261; x_wconf 81' lang='lat' dir='ltr'><strong>ad</strong></span> 
     </span>
     <span class='ocr_line' id='line_1_23' title="bbox 125 2282 1369 2336; baseline 0.003 -16"><span class='ocrx_word' id='word_1_122' title='bbox 125 2282 318 2333; x_wconf 85' lang='lat' dir='ltr'><strong>populum</strong></span> <span class='ocrx_word' id='word_1_123' title='bbox 343 2283 442 2332; x_wconf 76' lang='lat' dir='ltr'><strong>tulit.</strong></span> <span class='ocrx_word' id='word_1_124' title='bbox 475 2285 712 2336; x_wconf 83' lang='lat' dir='ltr'><strong>Capitolium</strong></span> <span class='ocrx_word' id='word_1_125' title='bbox 740 2286 965 2327; x_wconf 82' lang='lat' dir='ltr'><strong>dedicatum</strong></span> <span class='ocrx_word' id='word_1_126' title='bbox 990 2287 1054 2327; x_wconf 87' lang='lat' dir='ltr'><strong>est.</strong></span> <span class='ocrx_word' id='word_1_127' title='bbox 1087 2285 1277 2334; x_wconf 81' lang='lat' dir='ltr'><strong>Porsena,</strong></span> <span class='ocrx_word' id='word_1_128' title='bbox 1304 2297 1369 2324; x_wconf 75' lang='lat' dir='ltr'><strong>rex</strong></span> 
     </span>
     <span class='ocr_line' id='line_1_24' title="bbox 126 2344 1369 2401; baseline 0.003 -18"><span class='ocrx_word' id='word_1_129' title='bbox 126 2344 395 2395; x_wconf 80' lang='lat' dir='ltr'><strong>Clusinorum,</strong></span> <span class='ocrx_word' id='word_1_130' title='bbox 424 2347 527 2388; x_wconf 88' lang='lat' dir='ltr'><strong>bello</strong></span> <span class='ocrx_word' id='word_1_131' title='bbox 548 2363 618 2400; x_wconf 88' lang='lat' dir='ltr'><strong>pro</strong></span> <span class='ocrx_word' id='word_1_132' title='bbox 647 2350 863 2400; x_wconf 81' lang='lat' dir='ltr'><strong>Tarquiniis</strong></span> <span class='ocrx_word' id='word_1_133' title='bbox 889 2349 1092 2401; x_wconf 87' lang='lat' dir='ltr'><strong>suscepto,</strong></span> <span class='ocrx_word' id='word_1_134' title='bbox 1122 2362 1212 2388; x_wconf 88' lang='lat' dir='ltr'><strong>cum</strong></span> <span class='ocrx_word' id='word_1_135' title='bbox 1237 2348 1285 2386; x_wconf 87' lang='lat' dir='ltr'><strong>ad</strong></span> <span class='ocrx_word' id='word_1_136' title='bbox 1305 2347 1369 2395; x_wconf 77' lang='lat' dir='ltr'><strong>Ja-</strong></span> 
     </span>
    </p>

    <p class='ocr_par' dir='ltr' id='par_1_9' title="bbox 98 2409 1370 2461">
     <span class='ocr_line' id='line_1_25' title="bbox 98 2409 1370 2461; baseline -0.001 -12"><span class='ocrx_word' id='word_1_137' title='bbox 98 2409 298 2455; x_wconf 53' lang='lat' dir='ltr'><strong>„niculum</strong></span> <span class='ocrx_word' id='word_1_138' title='bbox 335 2411 518 2461; x_wconf 78' lang='lat' dir='ltr'><strong>venisset,</strong></span> <span class='ocrx_word' id='word_1_139' title='bbox 547 2426 596 2452; x_wconf 89' lang='lat' dir='ltr'><strong>ne</strong></span> <span class='ocrx_word' id='word_1_140' title='bbox 622 2411 797 2454; x_wconf 88' lang='lat' dir='ltr'><strong>Tiberim</strong></span> <span class='ocrx_word' id='word_1_141' title='bbox 825 2414 1025 2461; x_wconf 82' lang='lat' dir='ltr'><strong>tranfiret,</strong></span> <span class='ocrx_word' id='word_1_142' title='bbox 1061 2413 1206 2452; x_wconf 84' lang='lat' dir='ltr'><strong>virtute</strong></span> <span class='ocrx_word' id='word_1_143' title='bbox 1237 2409 1370 2450; x_wconf 89' lang='lat' dir='ltr'><strong>Cocli-</strong></span> 
     </span>
    </p>

    <p class='ocr_par' dir='ltr' id='par_1_10' title="bbox 64 2470 1367 2526">
     <span class='ocr_line' id='line_1_26' title="bbox 64 2470 1367 2526; baseline -0.002 -14"><span class='ocrx_word' id='word_1_144' title='bbox 64 2474 68 2480; x_wconf 83' lang='lat'>&#39;</span> <span class='ocrx_word' id='word_1_145' title='bbox 124 2470 173 2512; x_wconf 85' lang='lat' dir='ltr'><strong>tis</strong></span> <span class='ocrx_word' id='word_1_146' title='bbox 202 2471 355 2514; x_wconf 81' lang='lat' dir='ltr'><strong>Horatii</strong></span> <span class='ocrx_word' id='word_1_147' title='bbox 383 2472 602 2526; x_wconf 86' lang='lat' dir='ltr'><strong>prohibitus</strong></span> <span class='ocrx_word' id='word_1_148' title='bbox 629 2474 705 2516; x_wconf 88' lang='lat' dir='ltr'><strong>est:</strong></span> <span class='ocrx_word' id='word_1_149' title='bbox 739 2475 832 2526; x_wconf 88' lang='lat' dir='ltr'><strong>qui,</strong></span> <span class='ocrx_word' id='word_1_150' title='bbox 861 2475 955 2516; x_wconf 88' lang='lat' dir='ltr'><strong>dum</strong></span> <span class='ocrx_word' id='word_1_151' title='bbox 985 2473 1069 2515; x_wconf 75' lang='lat' dir='ltr'><strong>alii.</strong></span> <span class='ocrx_word' id='word_1_152' title='bbox 1080 2483 1243 2525; x_wconf 84' lang='lat' dir='ltr'><strong>pontem</strong></span> <span class='ocrx_word' id='word_1_153' title='bbox 1272 2470 1367 2511; x_wconf 88' lang='lat' dir='ltr'><strong>sub-</strong></span> 
     </span>
    </p>
   </div>
  </div>
 </body>
</html>
