1582 2793
261 154 865 207 HISTORIARUM
915 152 1049 199 LIB.
1095 152 1192 198 111.
1313 165 1401 196 221

113 286 211 316 rum
236 268 351 316 scitis
371 264 726 313 adversarentur.
763 260 980 323 Regimen
1010 262 1149 307 totius
1174 258 1405 322 magistra-

115 354 186 388 tus
217 357 350 404 penes
372 337 569 401 Appium
596 347 689 381 erat
715 332 875 380 favore
904 333 1059 395 plebis.
1094 334 1300 395 adeoque
1323 349 1408 377 no-

114 431 224 460 vum
256 412 333 459 fibi
356 410 585 474 ingenium
619 407 854 464 induerat,
887 417 936 451 ut
968 405 1192 468 plebicola
1221 418 1405 468 repente

116 483 352 547 omnisque
388 498 507 529 aurae
542 479 774 542 popularis
811 490 1015 541 captator
1048 477 1291 532 evaderet,
1323 493 1408 539 pro

119 557 237 603 truci
259 556 478 618 saevoque
510 553 772 598 insectatore
802 550 958 612 plebis.
1003 548 1201 595 Decimo
1237 549 1308 594 die
1340 548 1410 610 jus

117 630 295 694 populo
325 628 484 692 singuli
512 626 769 672 reddebant.
807 641 863 670 eo
892 623 960 669 die
982 639 1116 684 penes
1150 622 1410 684 praefectum

118 702 227 765 juris
260 701 395 748 fasces
431 699 672 746 duodecim
703 710 858 744 erant:
898 695 1082 759 collegis
1114 712 1285 741 novem
1324 697 1411 742 fin-

121 776 212 842 guli
241 775 413 824 accensi
442 773 727 837 apparebant.
758 770 873 818 &in
904 771 1038 816 unica
1067 770 1348 816 concordia
1340 789 1414 816 in-

121 861 191 895 ter
221 847 340 911 ipsos
377 846 486 910 (qui
518 844 756 892 consensus
788 839 976 906 privatis
1012 842 1234 888 interdum
1271 843 1415 890 inuti-

122 922 177 968 lis
199 919 335 984 esset)
361 920 527 966 summa
556 916 765 964 adversus
797 914 910 961 alios
942 915 1128 977 aequitas
1159 929 1265 962 erar.
1306 919 1413 963 Mo-

124 992 372 1039 derationis
405 1007 563 1037 eorum
599 999 908 1052 argumentum
939 987 1150 1050 exemplo
1184 989 1317 1035 unius
1352 990 1417 1036 rei

127 1067 329 1125 notasse,
364 1065 463 1112 satis
492 1064 590 1110 erit.
630 1063 749 1108 Cum
784 1060 874 1106 s1ne
908 1061 1249 1122 ρτονοςιῑὶοηε
1279 1063 1418 1110 creati

127 1137 295 1193 essent3
332 1134 505 1182 defosso
539 1133 755 1180 cadavere
775 1167 789 1188 ‚
819 1131 944 1176 domi
978 1132 1099 1194 apud
1130 1135 1175 1180 P.
1199 1133 1418 1194 Sestium,

127 1209 327 1273 patriciae
344 1207 489 1273 gentis
507 1206 658 1255 virum
671 1242 684 1264 ‚
705 1205 898 1251 invento
912 1241 925 1263 ,
945 1205 1219 1270 prolatoque
1240 1207 1284 1253 in
1306 1225 1420 1256 con-

128 1285 340 1342 cionem,
361 1282 406 1329 in
428 1299 475 1329 re
495 1280 619 1344 juxta
640 1278 871 1326 manifesta
899 1291 1035 1342 atque
1065 1280 1238 1339 atroci,
1272 1283 1325 1329 C.
1346 1285 1422 1330 Ju-

129 1356 217 1402 lius
254 1354 484 1402 decemvir
518 1354 634 1400 diem
670 1351 812 1398 Sestio
846 1350 988 1410 dixit,
1027 1354 1076 1400 &
1105 1352 1336 1401 accusator
1365 1356 1422 1402 ad

130 1428 357 1492 populum
391 1427 589 1485 exstitit,
623 1425 750 1488 cujus
785 1425 849 1471 rei
878 1425 1015 1487 judex
1042 1427 1268 1491 legitimus
1297 1443 1431 1478 eratz.

133 1502 403 1565 deceffitque
430 1500 528 1563 jure
568 1500 648 1548 suo
667 1536 681 1558 ‚
713 1512 761 1546 ut
789 1499 990 1546 demtum
1025 1500 1081 1552 de,
1112 1499 1161 1549 vi
1192 1503 1422 1566 magistra-

132 1587 202 1621 tus
233 1575 393 1638 populi
423 1574 614 1621 libertati
647 1571 874 1635 adjiceret.

197 1649 416 1695 XXXIV.
451 1647 570 1693 Cum
601 1660 834 1711 promtum
868 1645 957 1692 hoc
979 1643 1051 1706 jus
1081 1645 1208 1694 velut
1241 1663 1297 1693 ex
1318 1663 1423 1694 ora-

136 1721 242 1767 culo
271 1720 589 1782 incorruptum
613 1719 786 1782 pariter
812 1718 867 1764 ab
897 1717 966 1763 his
998 1717 1157 1764 summi
1190 1718 1425 1784 infimique

137 1793 307 1840 ferrent
323 1830 338 1852 ,
363 1808 459 1840 tum
479 1793 649 1857 legibus
671 1791 920 1839 condendis
948 1808 1086 1854 opera
1105 1790 1294 1838 dabatur
1314 1811 1322 1839 :
1351 1794 1426 1840 in-

139 1866 352 1930 gentique
379 1865 617 1912 hominum
652 1864 982 1928 exspectatione
1000 1866 1244 1928 propositis
1272 1865 1427 1914 decem

139 1939 302 1986 tabulis
321 1975 334 1997 ,
354 1939 573 2003 populum
591 1938 646 1985 ad
664 1939 936 1986 concionem
961 1939 1331 1987 advocaverunt:
1349 1942 1398 1988 &
1412 1977 1427 1999 ‚

145 2017 279 2077 Quod
295 2017 447 2060 honum
462 2049 476 2072 ‚
500 2014 714 2079 faustum,
725 2014 918 2075 felixque
947 2016 1174 2075 reipublicae
1194 2051 1207 2073 ‚
1226 2017 1324 2081 ipsis
1340 2053 1353 2075 ‚
1374 2021 1432 2064 ll-

140 2090 316 2150 berg'sqtce
332 2107 468 2135 eorum
488 2085 576 2151 effic
588 2124 603 2145 ,
633 2092 688 2134 ire
700 2124 716 2145 ‚
749 2087 790 2134 G·
810 2092 931 2150 legere
956 2094 1059 2150 leges
1080 2089 1317 2154 propositas
1342 2089 1430 2152 jus:-

142 2163 248 2209 sere.
284 2166 364 2221 Se,
384 2179 584 2223 quantum
614 2164 744 2207 decem
777 2164 991 2208 hominum
1022 2166 1202 2224 ingeniis
1228 2167 1430 2223 provide-

142 2237 178 2282 ri
205 2240 406 2296 potuerit,
432 2237 624 2281 omnibus
649 2235 833 2295 fiammis
863 2228 1096 2296 infimisfflce'
1115 2235 1220 2292 jura
1243 2233 1428 2299 ccqtcaſjl’..

135 2313 238 2370 plus
259 2313 414 2369 pollere
449 2312 670 2354 multorum
707 2311 876 2370 ingenia
909 2309 1172 2374 confiliaque.
1214 2315 1261 2355 V
1256 2310 1430 2369 erslzrerzc

143 2385 189 2426 in
211 2383 366 2425 animis
380 2382 520 2440 ficum
553 2400 884 2442 unamquamque
914 2400 993 2427 rem
1009 2399 1038 2436 ;¹
1056 2385 1261 2442 agitarent
1283 2383 1430 2427 deiude

133 2453 424 2513 sermonibus:
450 2472 569 2515 atque
590 2458 635 2500 in
667 2456 847 2501 medium
862 2491 878 2512 ,
911 2459 1014 2515 quial
1040 2459 1084 2500 in
1104 2473 1258 2513 quaque
1278 2474 1315 2499 rc
1329 2459 1431 2514 plus
