1582 2793
315 223 911 270 HISTORIARUM
948 225 1174 271 LIB.1L
1282 241 1362 288 ¹53

86 349 134 379 ut
163 335 295 379 Fabt'o
319 335 485 378 nomine
503 333 556 398 est
572 333 745 392 dignum
762 366 776 386 ‚
798 337 1033 391 pugnando
1047 337 1190 392 potius
1209 367 1223 387 ‚
1245 352 1369 393 quam

86 407 375 461 adhortando,
395 407 669 449 accendamus
696 407 876 449 militum
899 407 1079 449 animos.
1106 404 1175 450 Sic
1207 405 1250 450 in
1279 404 1371 466 pri-

86 495 209 524 mum
236 477 401 524 infestis
426 475 558 523 hastis
580 477 831 539 provolant
853 477 944 523 duo
966 476 1113 534 Fabii,
1138 491 1371 539 totamque

85 562 334 597 moverunt
364 549 511 596 secum
547 549 703 597 aciem.

170 623 354 668 XLVII.
393 622 564 669 Proelio
597 639 653 669 ex
685 637 812 686 parte
840 640 930 670 una
963 621 1198 681 restituto,
1227 623 1373 669 nihilo

86 694 258 759 segnius
290 696 335 741 in
366 697 509 742 altero
545 712 691 743 cornu
726 697 813 743 Cn.
844 696 1038 743 Manlius
1070 695 1227 743 consul
1256 714 1371 759 pug-

84 785 190 815 nam
217 769 389 815 ciebat:
424 769 502 815 ubi
530 785 674 832 prope
708 769 859 816 similis
888 768 1070 817 fortuna
1097 769 1157 816 est
1184 768 1372 816 versata.

83 858 189 887 nam
219 854 268 887 ut
298 841 440 887 altero
466 841 511 886 in
540 857 687 887 cornu
710 842 770 900 Q,
793 840 1002 898 Fabium,
1023 839 1082 888 fic
1110 840 1158 887 in
1177 840 1268 886 hoc
1298 839 1372 901 ip-

84 911 178 958 sum
211 912 443 960 consulem
479 911 698 958 Manlium
719 947 731 970 ,
755 911 842 972 jam
866 911 992 959 velut
1018 911 1140 958 fusos
1167 923 1371 976 agentem

85 986 233 1032 hostes
253 1023 267 1044 ‚
290 988 341 1034 &
372 986 561 1049 impigre
587 984 750 1031 milites
781 984 916 1032 secuti
948 985 1080 1042 sunt;
1110 989 1159 1033 ὅ(
1177 1021 1191 1043 ,
1218 998 1267 1032 ut
1297 984 1372 1032 ille

83 1059 210 1122 gravi
243 1059 430 1106 vulnere
455 1058 565 1104 ictus
598 1074 654 1103 ex
688 1057 784 1104 acie
812 1058 956 1115 cellit,
988 1057 1267 1105 interfeelum
1299 1074 1371 1104 ra-

83 1133 150 1192 ti,
176 1134 357 1196 gradum
383 1132 587 1180 retulere.
629 1131 933 1196 ceffiss'entque
962 1132 1100 1191 loco,
1134 1133 1180 1179 ni
1212 1132 1372 1180 consul

82 1207 220 1264 alter,
243 1223 346 1254 cum
376 1205 551 1268 aliquot
576 1203 734 1251 turmis
763 1205 965 1269 equitum
995 1205 1043 1251 in
1072 1222 1167 1252 eam
1196 1218 1370 1268 partem

83 1278 224 1325 citato
258 1293 377 1341 equo
408 1278 621 1325 advechis
640 1313 654 1335 ,
677 1277 837 1324 vivere
864 1277 1098 1324 clamitans
1118 1278 1337 1341 collegam
1355 1313 1372 1338 ,

82 1351 125 1398 se
148 1352 372 1399 victorem
399 1350 500 1399 fuso
528 1351 670 1400 altero
701 1368 845 1399 cornu
872 1351 1042 1410 adesse,
1064 1369 1154 1399 rem
1178 1351 1371 1399 inclina-

82 1437 171 1472 tam
204 1424 482 1473 sustinuisset.
527 1424 724 1472 Manlius
755 1441 940 1489 quoque
975 1425 1030 1471 ad
1055 1425 1369 1472 restituendam

82 1498 225 1545 aciem
244 1498 288 1545 se
314 1497 405 1561 ipse
434 1514 589 1546 coram
611 1497 756 1545 offert.
791 1498 1006 1545 Duorum
1026 1498 1263 1545 consulum
1286 1514 1368 1545 co-

81 1573 203 1637 gnita
234 1589 313 1620 ora
344 1574 598 1620 accendunt
623 1572 816 1619 militum
841 1572 1031 1618 animos.
1062 1570 1192 1618 fimul
1213 1572 1263 1618 &
1284 1588 1368 1617 va·-

83 1647 189 1693 nior
210 1646 297 1706 jam
317 1658 411 1692 erat
430 1645 627 1696 hostium
649 1646 766 1692 acies
782 1681 796 1703 ,
820 1645 926 1693 dum
942 1681 956 1704 ‚
976 1645 1229 1692 abundante
1248 1643 1368 1689 mul-

84 1719 278 1766 titudine
312 1718 443 1775 freti,
467 1717 682 1765 subtracta
712 1717 899 1764 subsidia
930 1716 1115 1763 mittunt
1143 1715 1199 1762 ad
1229 1715 1367 1763 castra

80 1794 402 1858 oppugnanda.
448 1795 499 1839 ln
530 1810 629 1857 quae
662 1792 779 1840 haud
810 1809 974 1855 magno
1003 1792 1246 1839 certamine
1278 1792 1365 1838 im-

81 1881 188 1931 petu
219 1867 336 1914 failo
352 1904 365 1926 ‚
385 1868 492 1914 dum
519 1867 680 1931 proedae
708 1868 845 1931 magis
864 1903 877 1925 ‚
897 1884 1029 1931 quam
1060 1885 1222 1932 pugnae
1237 1903 1251 1925 ‚
1274 1884 1365 1915 me-

80 1956 232 1987 mores
259 1951 411 1986 terunt
438 1952 640 2002 tempus;
666 1940 804 1987 triarii
829 1939 1054 1998 Romani,
1075 1941 1154 2003 qui
1174 1940 1365 2002 primam

79 2011 380 2075 irruptionem
406 2011 614 2059 sustinere
637 2030 731 2060 non
750 2025 1011 2076 potuerant,
1029 2012 1163 2059 miffis
1180 2013 1235 2058 ad
1254 2028 1364 2059 con-

81 2085 193 2132 sules
225 2086 417 2143 nuntiis,
445 2103 538 2148 quo
574 2086 680 2134 loco
713 2102 781 2132 res
819 2086 988 2144 effent‚·
1018 2085 1281 2149 conglobati
1309 2085 1362 2131 ad

81 2160 345 2222 praetorium
373 2162 562 2207 redeunt
578 2199 591 2220 ,
610 2164 657 2210 &
679 2161 749 2208 sua
772 2161 930 2225 sponte
949 2162 1027 2225 ipfi
1049 2161 1262 2225 proelium
1289 2178 1362 2207 re-

82 2244 293 2281 novant:
330 2234 380 2280 δε
417 2234 612 2281 Manlius
651 2234 836 2293 consul,
872 2236 1077 2283 reveelus
1110 2236 1154 2282 in
1188 2235 1360 2293 castra,

83 2307 137 2353 ad
173 2322 328 2354 omnes
365 2319 518 2370 portas
554 2308 694 2355 milite
730 2309 977 2372 oppofito,
1006 2309 1208 2356 hostibus
1240 2307 1361 2354 viam

84 2379 311 2426 clauserat.
340 2380 401 2425 Ea
420 2379 670 2443 desperatio
687 2381 845 2428 Tuscis
863 2381 1026 2428 rabiem
1046 2381 1204 2445 magis,
1227 2397 1361 2444 quam

81 2450 342 2508 audaciam,
374 2453 591 2502 accendit.
642 2471 744 2500 nam
779 2472 881 2501 cum
916 2453 1214 2510 incursantes,
1245 2469 1359 2516 qua-

80 2539 259 2587 cunque
277 2525 447 2572 exitum
470 2527 722 2575 ostenderet
741 2526 860 2592 speS,
877 2544 999 2578 vano
1020 2526 1258 2591 aliquoties
1277 2525 1357 2572 im·
