1680 2803
289 137 325 170 X
673 124 1263 172 TITILIVII

288 248 430 277 unum
465 230 594 278 illurn
632 247 658 277 e
695 231 865 278 cunctis
905 230 1271 293 praestantiffimis
1305 230 1584 287 Rhetoribus

288 314 379 361 aevi
397 312 461 360 sui
480 313 673 362 Claudio
692 312 855 361 Caesari
871 312 1144 367 adolescenti
1162 297 1490 376 praecelatorem
1509 314 1586 361 da-

286 408 413 456 tum,
442 408 492 443 ut
524 396 651 444 illum
683 396 959 460 eloquentiae
996 395 1148 443 studiis
1179 398 1229 445 &
1261 397 1408 461 dignis
1440 397 1586 460 impe·

286 480 358 525 rio
378 480 582 527 moribus
604 479 888 526 informaret.
925 477 1048 525 Facit
1067 478 1153 526 huc
1177 480 1311 526 etiam
1330 516 1344 538 ‚
1367 479 1493 543 quod
1512 478 1586 543 ip-

287 560 424 608 semet
442 562 602 609 Livius
627 562 807 609 testatus
834 561 896 608 est
924 561 1001 609 lib.
1023 563 1111 619 IV,
1129 562 1209 612 uhi
1226 562 1322 610 loci
1338 562 1588 626 Augustum

286 645 564 708 templorum
584 646 875 693 conditorem
896 657 972 692 aut
992 644 1297 692 restitutorem
1321 645 1530 709 appellat.

353 728 601 775 Historiam
629 730 938 775 Romanarum
969 745 1121 774 rerum
1150 727 1231 776 sub
1253 727 1457 791 Augusto
1477 729 1586 775 Cae-

289 811 385 858 sare
419 811 606 875 collegit
626 848 640 868 ,
673 813 723 858 &
755 811 968 873 juvenem
1006 811 1252 858 Claudium
1272 847 1287 870 ,
1316 811 1505 857 eandem
1537 824 1590 859 ut

289 894 536 952 scriberet,
567 894 833 940 adhortatus
864 893 955 952 est,
986 893 1157 958 ingenii
1187 894 1307 940 illius
1339 892 1592 956 praestantia

289 976 436 1040 probe
457 976 641 1042 cognita
658 978 708 1024 &
725 976 963 1040 perspecta.
986 976 1189 1040 Arripuit
1209 976 1330 1024 Livii
1351 975 1591 1024 confilium

288 1059 506 1108 Claudius
527 1095 541 1117 ,
563 1061 614 1107 &
644 1054 806 1122 justam
834 1059 1068 1106 historiam
1094 1058 1283 1106 instituit
1302 1093 1316 1118 ‚
1336 1077 1426 1124 qua
1459 1060 1513 1107 de
1543 1077 1592 1107 re

290 1143 537 1190 Suetonius
563 1142 710 1203 testis,
730 1142 777 1190 in
796 1142 915 1191 illius
941 1143 1036 1192 vita
1052 1179 1066 1201 ‚
1087 1160 1183 1206 cap.
1202 1144 1333 1189 XLI:
1363 1144 1592 1210 Historiam

289 1229 336 1273 in
363 1228 668 1288 adolescentia,
689 1230 879 1275 hortante
902 1229 951 1273 T.
970 1229 1093 1274 Livio
1107 1262 1120 1285 ‚
1139 1229 1327 1289 Sulpitio
1346 1246 1440 1274 vero
1458 1231 1594 1274 Flavo

290 1314 415 1357 etiam
433 1310 694 1370 adjuvante,
712 1311 892 1372 scribere
916 1309 1125 1375 aggrqffus
1144 1311 1207 1377 qst.
1227 1312 1283 1356 Et
1302 1309 1441 1372 paulo
1461 1309 1592 1373 post:

291 1397 347 1442 In
367 1397 613 1457 principatu
640 1413 798 1457 quoque
833 1392 876 1441 δ’
895 1395 1066 1460 scripstt
1092 1396 1353 1456 plurimum,
1376 1391 1420 1439 δ’
1440 1392 1595 1456 qffidue

293 1480 482 1524 recitavit
506 1497 587 1540 per
617 1479 813 1526 leilorem.
863 1480 1041 1524 Initium
1075 1494 1213 1524 autem
1236 1475 1394 1542 sumsit
1421 1477 1596 1542 historice

286 1562 384 1627 post
411 1563 558 1606 caedem
581 1561 755 1621 Caesaris
778 1560 1032 1608 Dic‘latoris.
1064 1564 1152 1607 Sed
1169 1559 1212 1608 G·
1230 1560 1396 1625 transiit
1411 1563 1473 1606 ad
1487 1560 1594 1618 infe·

296 1646 410 1689 riom
443 1658 657 1704 tempora,
679 1647 875 1706 coepitque
905 1663 933 1690 a
957 1663 1062 1706 pace
1097 1647 1210 1691 civili
1223 1664 1244 1700 ,ς
1275 1663 1369 1690 curn
1390 1644 1596 1705 sentiret,

295 1745 421 1788 neque
448 1728 588 1780 libere,
604 1746 729 1788 neque
745 1726 926 1791 verestbi
948 1730 997 1772 de
1005 1728 1293 1788 fitperioribus
1307 1729 1504 1773 tradendi
1514 1745 1597 1788 po-

296 1810 475 1875 ttsscztetn
498 1810 679 1856 relic'latn
693 1844 708 1868 ,
726 1826 929 1871 correptus
944 1810 1056 1871 saepe
1074 1808 1117 1856 G
1134 1829 1160 1855 a
1178 1828 1330 1865 matre,
1346 1807 1390 1856 δ’
1410 1812 1464 1855 ab
1482 1813 1597 1856 avia.

297 1895 462 1940 Prioris
481 1894 660 1938 materiae
678 1896 763 1939 duo
779 1895 996 1938 volumina
1010 1927 1023 1950 ‚
1035 1894 1271 1958 posterioris
1290 1912 1419 1939 unum
1438 1891 1480 1940 ‘S‘
1495 1911 1598 1954 qua·

299 1978 501 2036 draginta
520 1979 698 2037 reliquit.
734 1976 973 2037 Compositis
988 1974 1031 2022 ἐξ
1050 1979 1099 2022 de
1115 1979 1205 2022 vita
1209 1976 1297 2038 sua
1315 1976 1403 2022 οἱῖο
1420 1979 1599 2022 volumi-

300 2077 388 2115 na,
408 2059 545 2118 magis
580 2061 736 2119 inepte,
762 2077 885 2119 quarn
912 2061 1184 2121 ineleganter,
1213 2060 1305 2106 &c.
1351 2056 1598 2104 Priscianus

300 2138 437 2186 etiam
466 2139 544 2185 lib.
566 2141 628 2186 Vl
645 2174 656 2192 ‚
682 2138 981 2203 fragmentum
1008 2157 1064 2185 ex
1091 2140 1394 2186 Historiarum
1417 2139 1599 2186 Claudii

303 2222 424 2268 libro
459 2234 622 2285 quarto
653 2222 792 2277 citat3
821 2223 872 2268 ὃς
900 2238 955 2267 ex
978 2223 1149 2270 octavo
1179 2221 1431 2269 Diomedes
1458 2222 1536 2267 lib.
1568 2224 1601 2269 Ι.

305 2305 426 2364 Quae
447 2304 563 2351 inter
583 2303 830 2368 fragmenta
855 2305 912 2363 Q.
940 2304 1123 2351 Claudii
1154 2304 1439 2368 Quadrigarii
1463 2303 1599 2351 relata

305 2398 478 2435 notata
496 2386 608 2435 viris
633 2386 779 2434 doctis
806 2386 985 2434 Voffius
1016 2386 1092 2435 lib.
1120 2389 1150 2435 1.
1173 2387 1226 2434 de
1253 2386 1492 2435 Historicis
1513 2388 1599 2434 La·-
