1582 2793
189 192 255 251 64
548 188 1112 243 T1T1L1VI1

189 312 237 347 tu
267 298 564 364 pecuniarum
600 300 771 350 fierent.
818 305 941 352 Tum
981 304 1133 352 class'es
1173 307 1501 375 centuriasque,

187 375 238 422 δέ
260 374 383 422 hunc
409 374 616 422 ordinem
645 393 702 423 ex
731 377 867 424 censu
896 377 1151 442 descripsit,
1179 381 1254 429 vel
1281 383 1385 445 paci
1408 385 1485 431 de-

187 462 348 494 corum
365 483 379 505 ‚
400 447 477 495 vel
502 449 641 497 bello.

250 522 406 568 XLIII.
432 525 500 568 Ex
520 521 573 568 iis
588 558 602 578 ,
623 522 700 586 qui
727 534 909 570 centum
929 523 1122 572 millium
1143 524 1242 574 aeris
1259 562 1273 586 ,
1292 538 1369 574 aut
1387 544 1479 574 ma-

182 593 330 658 jorem
354 595 537 644 censum
565 596 807 654 haberent,
834 598 1069 662 octoginta
1087 600 1289 649 confecit
1315 614 1480 650 centu·-

182 667 270 716 rias
290 705 306 729 ,
343 670 648 735 quadragenas
682 668 914 716 seniorum
948 686 1002 717 ac
1037 668 1286 732 juniorum.
1329 673 1479 719 Prima

182 741 325 789 claffis
352 758 514 789 omnes
547 741 772 805 appellati.
807 741 1049 801 Seniores‚
1082 743 1139 790 ad
1168 745 1292 791 urbis
1322 746 1477 793 custo-

144 874 149 876 ⁴
181 815 297 863 diam
327 833 378 863 ut
408 815 573 879 praesto
596 816 759 862 essent:
790 814 984 878 juvenes
1002 852 1016 875 ‚
1039 828 1090 864 ut
1121 816 1234 869 foris
1260 819 1376 866 bella
1397 836 1475 883 ge-

179 903 345 938 rerent.
367 906 487 937 arma
508 889 577 936 his
597 888 814 953 imperata
829 927 842 947 ‚
862 890 1010 955 galea,
1031 892 1248 957 clypeum
1265 930 1278 953 ‚
1300 910 1473 952 ocreae,

180 964 355 1020 lorica,
389 963 544 1011 omnia
577 980 634 1009 ex
661 980 776 1018 aere;
806 963 905 1010 haec
933 974 984 1010 ut
1015 976 1272 1028 tegumenta
1300 982 1474 1030 corpo-

177 1039 238 1085 ris
258 1037 409 1085 essent.
440 1038 530 1085 tela
556 1037 602 1083 in
622 1037 796 1084 hostem
814 1073 827 1094 ,
861 1036 1071 1101 hastaque
1092 1040 1143 1087 &
1161 1039 1350 1103 gladius.
1383 1040 1472 1086 Ad-

176 1115 283 1160 ditae
300 1113 407 1160 huic
429 1112 545 1160 clasii
569 1112 668 1159 duae
692 1112 869 1158 fabrum
889 1113 1108 1160 centuriae
1122 1150 1138 1172 ,
1166 1130 1267 1177 quae
1288 1114 1379 1160 fine
1399 1131 1472 1160 ar-

174 1190 261 1237 mis
296 1187 515 1250 stipendia
551 1185 762 1233 facerent.⁷
813 1186 969 1233 datum
997 1203 1188 1245 munus,
1219 1200 1269 1233 ut
1297 1188 1470 1234 machi—

176 1279 255 1310 nas
285 1263 332 1307 in
357 1259 480 1307 bello
511 1257 694 1306 ferrent.
733 1258 939 1306 Secunda
976 1259 1113 1307 claffis
1141 1259 1257 1306 intra
1287 1274 1470 1308 centum

173 1335 318 1397 usque
349 1332 405 1380 ad
435 1331 638 1395 quinque
668 1331 719 1378 &
750 1319 1030 1396 septuaginta
1062 1331 1257 1378 millium
1288 1332 1468 1379 censum

172 1408 398 1462 instituta;
424 1407 474 1453 &
493 1421 550 1451 ex
571 1403 640 1451 his
657 1440 671 1463 ‚
699 1403 951 1453 senioribus
982 1404 1331 1470 junioribusque
1347 1443 1362 1466 ,
1394 1407 1469 1454 vi-

173 1481 289 1547 ginti
311 1479 580 1543 conscriptae
613 1477 855 1526 centuriae:
884 1496 1005 1526 arma
1024 1479 1270 1542 imperata,
1290 1479 1467 1528 scutum

171 1571 259 1619 pro
289 1553 460 1619 clypeo
476 1589 491 1611 ,
520 1553 572 1600 &
591 1564 754 1615 praeter
775 1551 966 1600 loricam
988 1552 1144 1600 omnia
1173 1553 1343 1600 eadem.
1361 1555 1468 1602 Ter-

169 1631 244 1677 tiae
266 1628 408 1676 claffis
436 1625 484 1675 in
515 1625 840 1692 quinquaginta
856 1626 1046 1673 millium
1070 1626 1249 1675 censum
1270 1626 1355 1674 effe
1373 1645 1467 1675 vo-

169 1704 267 1751 luit.
295 1701 485 1749 totidem
518 1700 733 1748 centuriae
762 1702 813 1747 &
836 1700 930 1758 hae,
961 1700 1214 1765 eodemque
1246 1699 1466 1749 discrimi-

169 1794 226 1824 ne
260 1774 459 1823 aetatium
493 1775 645 1823 faelae:
677 1792 762 1823 nec
792 1775 846 1821 de
874 1775 1005 1822 armis
1035 1774 1284 1839 quidquam
1312 1793 1463 1825 muta-

168 1863 295 1908 tum;
328 1867 478 1898 ocreae
500 1862 673 1898 tantum
703 1850 905 1897 ademtae.
941 1850 990 1894 In
1011 1863 1172 1913 quarta
1204 1851 1331 1899 classe
1353 1870 1463 1900 cen·-

169 1927 238 1974 sus
257 1926 460 1991 quinque
486 1927 538 1973 &
569 1923 735 1988 viginti
766 1922 987 1981 millium,
1018 1923 1212 1971 totidem
1243 1927 1460 1974 centuriae

167 2001 310 2047 saclae.
352 2016 475 2047 arma
509 2010 703 2054 mutata;
735 1993 856 2042 *nihil
878 2008 1042 2059 praeter
1062 1996 1229 2044 hastam
1246 2000 1297 2046 &
1319 2016 1460 2047 veru—

166 2087 263 2121 tum
289 2075 453 2120 datum.
488 2071 665 2133 Quinta
687 2070 829 2118 claffis
848 2072 1000 2129 aucta,
1032 2072 1248 2119 centuriae
1277 2073 1457 2137 triginta

164 2148 320 2194 faelae:
356 2146 516 2193 fundas
557 2145 813 2209 lapidesque
844 2144 1031 2211 vmifliles
1060 2146 1113 2192 ‘hi
1146 2146 1294 2194 secum
1330 2164 1459 2210 gere-

165 2223 289 2270 bant.
323 2221 370 2267 in
398 2221 465 2266 his
493 2219 691 2276 accensi,
728 2218 1014 2277 cornicines,
1048 2212 1370 2283 tibicinesque,
1407 2222 1455 2269 in
1482 2257 1483 2263 ,

162 2308 252 2342 tres
271 2294 494 2343 centurias
512 2291 751 2339 distributi.
774 2291 997 2337 Undecim
1017 2291 1216 2338 millibus
1236 2292 1331 2338 haec
1347 2292 1455 2339 clas-

130 2359 134 2364 *
164 2369 218 2417 sis
245 2367 521 2415 censebatur.
558 2368 661 2412 Hoc
690 2364 846 2411 minor
867 2363 1023 2410 census
1051 2364 1267 2427 1·eliquam
1297 2365 1456 2413 multi-

165 2443 370 2491 tudinem
388 2440 559 2488 habuit.
590 2439 694 2485 inde
714 2456 804 2485 una
828 2438 1032 2484 centuria
1051 2437 1162 2484 fiffila
1180 2439 1242 2485 est
1255 2475 1268 2497 ,
1290 2439 1456 2488 immu-

168 2518 239 2566 nis
270 2516 446 2566 militia.
485 2518 549 2564 Ita
581 2513 773 2579 pedestri
803 2513 1008 2562 exercitu
1039 2526 1207 2563 ornato
1238 2514 1454 2567 distribu-
