1680 2803
262 176 450 212 Lxxxu
537 161 910 209 NOTITIA
947 164 1430 211 LITERARIA

258 271 451 322 editioni
473 270 590 334 Lips.
611 288 650 319 a.
677 285 791 336 1735
830 270 1054 334 praemisit.
1097 271 1182 318 Sed
1202 289 1317 336 opus
1337 273 1399 320 est
1419 271 1561 338 magi·-

260 349 370 404 str0‚
391 345 470 422 qui
492 344 583 408 ipse
602 345 850 409 intelligat,
869 361 952 392 nec
974 357 1092 407 opus
1112 345 1272 392 habeat
1290 347 1344 393 ad
1365 346 1559 410 singulas

258 422 395 469 horas
419 398 677 484 trepidare
668 436 713 466 m
748 418 1077 481 praeparatione
1106 419 1161 467 ad
1192 419 1349 468 locum
1385 418 1555 468 intelli-

258 495 455 560 gendum
473 530 489 555 ‚
512 510 647 559 quem
680 492 904 555 explicare
937 491 1054 539 vult.

616 653 1210 697 SUPPLEMENTAE

331 784 539 833 perditos
568 782 689 830 Livii
701 783 901 845 libros¹
881 783 1076 849 mgenio
1107 784 1552 855 quodammodo&
1485 800 1559 832 re-

256 846 401 908 stituit
432 859 504 905 vir
531 857 806 907 doehffimua
822 842 904 915 JQ.
912 861 1257 920 Freinshemius
1278 871 1559 921 argumento

252 914 450 982 egri—im
453 949 511 979 ex
545 930 760 994 epitomis
790 931 960 993 petito,
990 933 1040 978 δε
1071 932 1284 978 adhibitis
1321 933 1478 996 graecis
1506 936 1563 982 δε

256 1007 407 1055 latinis
424 1043 437 1063 ‚
459 1022 561 1068 quae
592 1003 766 1050 exstant
781 1040 794 1061 ,
816 1004 1153 1063 monumentis,
1177 1005 1406 1067 explicato
1433 1018 1558 1054 tanta

256 1081 473 1129 industria
495 1082 543 1128 &
563 1078 799 1136 felicitate,
824 1091 873 1124 ut
895 1077 985 1140 ipse
1009 1095 1104 1126 non
1125 1079 1299 1127 dubitet
1320 1079 1526 1143 profiteri
1540 1095 1561 1142 ,'

243 1158 295 1218 ft
325 1158 568 1215 neutiquam
602 1170 798 1211 metuere,
827 1173 876 1200 ne
907 1158 999 1215 quis
1023 1174 1076 1200 ex
1107 1158 1299 1200 omnibus
1331 1157 1397 1201 his
1411 1158 1559 1216 scrip-

255 1233 440 1285 toribus,
462 1230 656 1290 quisunt
678 1232 722 1274 1⁶72
743 1229 957 1274 hominum
982 1247 1132 1284 manu,
1153 1231 1322 1290 aliquid
1336 1228 1491 1293 efficiat
1509 1232 1558 1276 izz

258 1306 335 1349 lzoc
355 1323 494 1366 genere
515 1306 759 1350 concinnius
773 1339 786 1360 ‚
808 1302 1012 1366 copiosius
1027 1337 1040 1361 ‚
1061 1306 1210 1348 verius,
1239 1302 1374 1349 Primi
1398 1303 1556 1352 decem

254 1376 360 1422 libri
386 1375 570 1439 Reginae
592 1375 857 1423 Christianae
875 1376 1012 1422 dicati
1034 1377 1251 1424 viderunt
1272 1376 1418 1424 lucem
1441 1378 1557 1425 Hol-

250 1448 357 1496 miae
399 1450 534 1512 1649.
573 1465 642 1496 12.
683 1448 804 1494 Libri
831 1448 1056 1513 sexaginta
1077 1449 1238 1496 deinde
1263 1450 1556 1513 Argentorati

251 1540 324 1570 an.
360 1524 494 1584 1654.
525 1540 567 1582 4.
592 1539 707 1587 quos
728 1523 905 1572 Gallice
926 1524 1060 1570 etiam
1080 1524 1220 1570 vertit
1244 1526 1398 1572 Petrus
1416 1525 1555 1590 Rye-

249 1613 341 1642 rus.
373 1595 589 1659 Denique
608 1595 827 1657 adjumstis
849 1597 1058 1653 XXXV,
1081 1597 1299 1660 postumis
1318 1634 1331 1656 ,
1354 1614 1470 1661 quos
1495 1599 1552 1645 ab

250 1670 491 1716 heredibus
520 1670 642 1717 Galli
671 1672 984 1731 redemerant,
1017 1673 1215 1719 universi
1249 1672 1353 1719 libri
1386 1674 1553 1733 XCV,

249 1744 667 1807 supplementorum
696 1746 870 1811 vulgati
897 1746 996 1793 sunt
1022 1765 1044 1794 a
1063 1748 1130 1795 Jo.
1150 1746 1368 1809 Dujado,
1392 1747 1438 1794 in
1457 1748 1550 1794 edi-

247 1817 377 1864 tione
396 1819 518 1865 Livii
537 1819 592 1865 ad
612 1818 737 1867 usum
759 1820 977 1882 Delphini
998 1838 1011 1877 3
1039 1821 1111 1868 sed
1130 1822 1304 1886 vulgati
1325 1834 1421 1868 tum
1447 1821 1550 1870 sunt

248 1908 408 1953 parum
429 1892 661 1940 emendate
677 1930 690 1952 ‚
710 1905 758 1939 ut
780 1893 904 1940 dolet
928 1895 995 1941 Jo.
1015 1894 1220 1941 Clericus
1240 1898 1294 1942 V.
1316 1893 1370 1941 C.
1390 1897 1549 1942 Tomo

249 1981 271 2026 3
299 1967 409 2014 Bibl.
431 1967 598 2014 seleAEtae
617 1985 659 2031 p.
689 1969 794 2030 366.
823 1969 1026 2017 correxit
1050 1985 1163 2015 vero
1186 1969 1448 2018 Creverius.
1479 1973 1548 2019 Ac

247 2038 494 2086 dolendum
517 2040 576 2086 est
593 2077 606 2098 ‚
628 2058 677 2088 ea
700 2041 839 2089 hodie
858 2042 941 2089 vix
970 2042 1070 2106 legi.
1095 2043 1192 2103 Qui
1218 2040 1416 2105 judicare
1441 2043 1550 2107 pos-

246 2109 369 2167 sunt,
390 2110 671 2170 fatebuntur,
694 2114 918 2178 egregium
941 2130 1056 2177 opus
1079 2114 1188 2172 effe,
1210 2114 1342 2177 quale
1361 2113 1546 2179 fingulis
1615 2123 1619 2126 '

244 2181 272 2227 s
276 2183 405 2230 2culis
428 2184 507 2230 vix
537 2185 697 2249 singuli
725 2185 949 2234 conficere
970 2187 1150 2250 poffint.
1177 2193 1429 2250 Fragmenta
1447 2205 1470 2234 e
1493 2188 1546 2234 li-

243 2254 336 2302 bris
359 2256 477 2302 Livii
498 2257 739 2320 deperditis
757 2259 992 2308 servavere
1009 2259 1307 2307 Grammatici
1327 2261 1453 2308 latini
1475 2276 1545 2307 ve·

244 2341 388 2387 teres,
410 2331 632 2378 interdum
654 2332 731 2378 sub
752 2333 856 2380 libri
877 2334 1069 2393 indicio,
1087 2334 1312 2381 interdum
1335 2335 1557 2399 simplici·-

245 2415 342 2449 ter:
378 2422 479 2466 quae
508 2407 561 2452 ad
595 2405 761 2453 calcem
797 2409 896 2454 edel.
930 2409 1239 2467 quarundam,
1273 2409 1544 2456 nominatim

247 2476 313 2524 ed.
345 2478 432 2524 Dr
424 2478 802 2528 ‹kenborcluanae
826 2483 881 2530 T.
902 2484 976 2531 VJ.
1002 2482 1302 2545 reperiuntur.
1333 2481 1406 2529 Est
1426 2498 1543 2532 vero
