1680 2803
276 204 387 238 XCII
489 186 860 235 NOTITIA
895 187 1364 231 LITERARJA

274 315 409 361 quam
427 295 636 344 Historiae
656 293 935 342 annumerari
954 292 1144 356 potuiss‘e
1159 328 1172 350 ‚
1193 292 1253 338 ait
1270 293 1433 337 Seneca
1455 288 1564 352 Epi-

275 372 387 417 stola
417 368 654 416 centesima
674 385 684 414 :
708 370 822 412 Libri
839 367 1127 427 Philosophici
1147 400 1159 420 ‚
1182 363 1273 411 five
1292 379 1346 409 ex
1368 361 1564 425 professo

276 441 616 505 Philosophiam
651 438 966 494 continentes,
998 438 1057 483 id.
1091 439 1282 504 Epistola
1317 439 1375 480 ad
1390 437 1567 495 filium,

275 533 366 579 qua
388 514 744 563 Demosthenem
777 522 909 572 atque
943 508 1216 555 Ciceronem
1253 507 1318 554 illi
1352 507 1569 571 legendos
1590 545 1594 550 .

277 590 412 637 unice
437 588 562 635 suasit
581 626 594 646 ‚
614 585 869 633 breviffima
888 585 937 630 &
955 582 1164 628 tutiffima
1184 582 1239 628 ad
1264 580 1570 644 eloquentiam

278 663 358 711 via
377 701 393 721 ,
423 660 643 723 Quinffil.
664 660 725 706 X.
758 676 793 705 1.
825 660 1086 720 Fragmenta
1108 655 1204 718 gluo
1235 654 1422 718 insignia
1449 653 1573 701 Livii

280 738 336 784 de
372 738 601 784 Cicerone
621 770 634 792 ,
657 750 756 795 quae
786 730 960 778 exstant
992 728 1111 791 apud
1145 730 1206 774 M.
1237 728 1452 774 Senecam
1479 726 1574 773 sua-

280 809 399 857 soria
426 808 544 855 sexta
562 843 574 864 ,
595 824 649 852 ex
682 804 966 850 historiarum
995 801 1115 848 libro
1142 801 1278 847 CXX
1297 799 1434 862 petita
1460 798 1574 846 sunt.

282 884 430 931 Etiam
461 880 580 928 Livii
604 878 683 925 filii
715 877 888 940 scriptis
916 875 1043 922 usum
1070 874 1112 921 se
1143 872 1385 937 profitetur
1403 872 1576 919 Plinius

283 956 405 1002 libro
434 958 490 1001 V.
516 951 627 999 Hist.
649 950 831 996 natural.
849 950 934 1014 nisi
948 954 1061 995 locus
1086 948 1309 1008 mendosus
1327 948 1406 1013 est,
1426 945 1577 1009 inquit

286 1027 543 1075 Harduinus
559 1062 572 1083 ,
607 1024 649 1072 δ’
686 1044 738 1070 ex
767 1025 1008 1089 praepostera
1044 1024 1157 1067 Livii
1196 1024 1428 1081 repetitione
1463 1023 1578 1066 Livii

274 1105 366 1162 filii
399 1101 567 1161 confiHa
600 1118 700 1145 vox.
743 1097 787 1145 Si
824 1099 962 1142 Henr.
994 1094 1298 1142 Dodwellum
1338 1093 1543 1140 audimus
1562 1129 1578 1152 ‚

288 1173 446 1221 desunt
467 1173 602 1219 hodie
625 1171 671 1217 in
692 1169 828 1216 Livio
848 1182 1008 1232 praeter
1026 1180 1097 1214 tot
1117 1168 1258 1213 libros
1280 1166 1478 1231 integros
1494 1203 1507 1224 .,
1529 1168 1581 1214 &

287 1264 391 1309 quae
422 1245 469 1291 in
493 1244 693 1307 quinque
711 1278 724 1299 ‚
746 1241 822 1304 qui
846 1240 1017 1286 exstant
1043 1238 1282 1302 postremis
1301 1255 1324 1284 a
1343 1239 1410 1285 Jo.
1430 1237 1580 1299 Duja-

289 1321 357 1367 tio
380 1337 435 1365 ex
462 1317 648 1382 ingenio
671 1314 883 1378 suppletae
902 1314 999 1360 sunt
1017 1313 1214 1369 lacunae,
1234 1311 1365 1358 etiam
1386 1311 1491 1359 hinc
1509 1312 1582 1358 in-

290 1394 346 1439 de
368 1391 589 1455 quaedam,
606 1389 685 1435 ubi
701 1388 822 1435 nulla
841 1386 940 1434 sunt
957 1387 1003 1433 in
1023 1385 1152 1433 editis
1168 1384 1418 1431 Codicibus
1436 1400 1582 1447 neque

289 1467 338 1514 in
363 1467 483 1512 MSS.
506 1465 706 1510 hiatuum
729 1461 913 1525 vestigia
932 1480 941 1508 :
970 1463 1141 1522 Desunt
1158 1464 1204 1506 in
1226 1462 1345 1505 rebus
1365 1461 1584 1513 Coriolani

291 1545 392 1588 bina
411 1542 633 1601 Confidam
649 1542 774 1600 paria
797 1557 815 1583 e
835 1537 1051 1601 Dionyfio
1067 1533 1584 1599 Halicarnaffeofitpplen·

293 1616 351 1658 da
367 1648 379 1670 ‚
402 1615 514 1657 Livii
538 1610 664 1674 ipsius
697 1612 926 1655 rationibus
954 1613 1084 1670 plane
1113 1604 1344 1670 neceffim'a.
1391 1607 1456 1650 Et
1477 1606 1586 1651 anni

292 1706 446 1748 quoque
464 1688 520 1731 U.
543 1688 586 1731 C.
611 1685 840 1730 Catoniana·
871 1702 966 1747 179.
1001 1684 1187 1728 tribunos
1215 1682 1416 1727 militares
1439 1678 1585 1739 confit-

295 1763 377 1807 lczri
390 1761 585 1825 potestate
602 1757 771 1821 omzſjbs
790 1777 842 1804 ex
862 1758 951 1818 ipsb
969 1758 1092 1802 Livio
1107 1758 1342 1801 evincimus.
1365 1756 1426 1798 Et
1441 1755 1486 1797 in
1505 1769 1593 1796 cen·

285 1837 431 1896 sorum
444 1833 692 1896 succeffione
720 1836 853 1877 multa
869 1831 1077 1891 fiipponit
1092 1830 1265 1884 Livius,
1283 1827 1442 1892 frustra
1456 1830 1594 1886 plane

298 1913 347 1956 in
368 1911 580 1954 hodiernis
599 1907 720 1952 Livii
742 1907 1044 1966 exemplaribus
1072 1905 1300 1965 quaerenda.
1321 1901 1447 1965 Deest
1464 1902 1590 1946 etiam

300 1986 347 2027 in
370 1985 505 2025 eodem
527 1984 656 2033 locus,
674 1998 753 2040 quo
774 1982 884 2024 tertii
902 1981 1072 2023 inierint
1087 1978 1325 2033 decemviri,
1346 1992 1435 2020 cum
1451 1989 1590 2020 tamen

243 2108 246 2111 ¹
299 2057 461 2100 tertium
486 2054 604 2097 illius
620 2052 894 2116 Magistratus
913 2069 1071 2096 annum
1085 2050 1334 2110 fitpponant
1349 2047 1436 2103 ejus
1459 2049 1592 2092 ratio-

301 2145 384 2174 nes.
406 2129 477 2171 Sic
496 2129 617 2170 etiam
638 2127 684 2169 in
704 2127 958 2170 tribunorum
977 2123 1232 2184 plebey'orum
1253 2121 1466 2167 decennali
1472 2120 1591 2180 sedi-

301 2202 417 2246 tione
436 2196 477 2244 δ’
496 2198 815 2259 Magistracuum
838 2199 1051 2242 Curulium
1070 2196 1292 2240 Anarchia
1310 2193 1411 2258 deest
1427 2210 1593 2250 annus,

303 2293 417 2335 quem
437 2290 571 2319 tamen
592 2291 675 2317 non
694 2271 923 2334 agnofizcnt
942 2271 1068 2315 modo
1084 2303 1097 2325 ,
1113 2287 1248 2314 verum
1270 2268 1395 2313 etiam
1418 2267 1597 2327 exigunt

303 2348 396 2405 ejus
419 2348 566 2392 calculi
587 2346 679 2390 refle
697 2344 739 2391 G·
750 2364 829 2405 pro
849 2343 976 2408 zjfius
995 2359 1121 2387 mente
1143 2341 1285 2405 postti.
1322 2341 1431 2386 Haec
1454 2338 1595 2385 Dode'-

305 2419 465 2466 Wellus
486 2418 576 2466 diff.
601 2435 669 2466 10.
690 2419 744 2465 de
762 2417 920 2484 Cyclis
940 2418 989 2464 &
1007 2417 1053 2462 in
1073 2414 1394 2478 Chronologia
1415 2412 1596 2476 Diony-

306 2493 357 2540 fii
378 2493 712 2553 Halicarnaffei,
730 2493 781 2547 ὅ(
796 2491 843 2539 in
861 2490 954 2539 diff.
970 2491 1022 2537 de
1040 2489 1291 2554 fragmento
1309 2485 1455 2549 Livii,
1469 2483 1596 2550 quod
