1582 2793
277 140 1120 191 H1STOR1ARUML113.1‚
1289 155 1343 203 3¹

65 251 222 299 dextra
253 252 298 299 in
328 264 463 315 caput
482 251 643 297 Numae
666 248 898 312 imposita,
932 260 1138 309 precatus
1170 247 1231 294 est
1261 248 1353 296 ita:

65 326 230 385 Jupiter
238 343 385 387 pater,
396 325 447 388 sl
457 327 509 390 cst
522 324 602 382 fas
620 360 632 379 ,
653 326 760 368 lzunc
778 325 959 367 Numam
978 325 1235 382 Pompllsum
1251 359 1263 378 ‚
1285 342 1353 369 cu*

57 399 141 457 jus
176 418 247 462 ego
272 416 396 460 caput
423 415 562 452 temo,
593 399 745 458 Regem
768 398 912 440 Roma:
947 392 1016 457 effi:
1033 429 1046 451 ‚
1075 398 1137 438 uti
1165 412 1206 439 m
1225 396 1355 458 ‚ſss-<ma

69 475 193 519 nobis
214 489 317 519 certa
344 471 579 533 acclarcrffis
600 474 706 515 inter
734 487 800 515 cos
817 470 957 527 fines,
976 485 1077 527 quos
1097 466 1199 524 fici.
1237 470 1358 514 'sum

72 546 244 609 peregit
274 546 423 592 verbis
454 542 679 605 auspicia,
712 559 814 605 quae
846 540 964 586 mitti
996 540 1147 585 vellet.
1198 542 1363 603 quibu<

73 620 236 678 mistis,
264 616 512 666 declaratus
533 635 612 664 rex
638 620 782 663 Numa
804 616 858 661 de
884 613 1055 677 templo
1079 613 1319 662 descendit.

140 693 265 738 XIX.
300 692 422 752 Qui,
459 707 601 753 regno
635 691 696 736 ita
731 688 936 751 potitus,
968 687 1125 733 urbem
1156 702 1327 732 novam
1348 720 1363 743 ,

78 765 310 811 conditam
331 765 379 811 vi
410 766 458 811 ὅ(
477 763 634 816 armis,
655 761 752 822 jure
782 778 877 807 eam
903 759 1162 824 legibusque
1190 775 1240 805 ac
1266 774 1364 805 mo·

79 837 202 882 ribus
235 837 288 882 de
315 837 491 898 integro
520 834 717 881 condere
749 848 887 895 parat.
923 831 1086 894 quibus
1117 847 1221 877 cum
1251 831 1367 876 inter

82 909 198 956 bella
232 908 471 955 assuescere
499 908 674 954 videret
696 923 790 953 non
821 905 975 969 poffe,
1010 905 1178 969 quippe
1209 905 1368 951 effera—

82 992 156 1027 tos
176 981 358 1037 militia,
380 981 555 1027 animos
573 998 586 1035 ;
602 979 896 1043 mitigandum
917 977 1117 1024 ferocem
1149 977 1373 1041 populum

84 1070 314 1101 armorum
338 1053 626 1101 desuetudine
646 1066 789 1110 ratus,
813 1053 969 1099 Janum
989 1051 1044 1098 ad
1063 1049 1268 1098 infimum
1288 1054 1373 1097 Ar-

84 1126 270 1189 giletum
290 1163 304 1185 ‚
327 1127 522 1175 indicem
550 1127 672 1190 pacis
699 1125 893 1188 bellique
911 1161 924 1183 ,
958 1123 1088 1171 fecit:
1125 1138 1304 1187 apertus
1324 1136 1376 1172 ut

87 1200 135 1246 in
165 1200 298 1248 armis
326 1201 410 1247 effe
429 1202 659 1250 civitatem
676 1236 690 1258 ‚
722 1198 896 1246 clausus
918 1210 1102 1261 pacatos
1126 1199 1246 1245 circa
1273 1216 1378 1246 om-

88 1291 168 1321 nes
189 1275 386 1338 populos
405 1273 685 1339 significaret.
712 1273 784 1320 Bis
805 1272 964 1319 deinde
984 1271 1084 1334 post
1101 1272 1263 1317 Numae
1282 1289 1379 1335 reg-

90 1367 200 1396 num
225 1351 396 1398 clausus
423 1352 533 1399 fuit:
567 1350 699 1398 semel
735 1350 792 1396 T.
819 1348 995 1396 Manlio
1026 1345 1213 1393 consule
1227 1382 1244 1404 ,
1275 1346 1379 1409 post

90 1423 315 1469 Punicum
334 1424 530 1487 primum
551 1423 798 1487 perfechim
821 1420 1017 1468 bellum:
1045 1419 1204 1465 iterum
1221 1454 1235 1475 ,
1254 1419 1382 1481 quod

94 1496 261 1543 nostrae
293 1499 410 1544 aetati
433 1490 515 1545 Dii
541 1498 761 1544 dederunt
781 1506 830 1541 ut
850 1493 1105 1542 videremus
1122 1527 1136 1552 ,
1163 1490 1266 1555 post
1283 1490 1384 1537 bel-

93 1569 189 1617 lum
211 1571 441 1618 Afflacum
456 1608 469 1630 ‚
501 1571 555 1618 ab
576 1573 848 1633 Imperatore
867 1565 1039 1614 Caesare
1058 1564 1262 1628 Augusto
1275 1600 1290 1624 ,
1307 1581 1385 1627 pa-

97 1667 152 1697 ce
181 1662 298 1699 terra
325 1652 528 1715 marique
559 1664 700 1714 parta.
735 1647 902 1695 Clauso
930 1663 1015 1706 co,
1043 1663 1148 1693 cum
1180 1645 1389 1692 omnium

99 1724 222 1772 circa
253 1725 554 1773 finitimorum
598 1724 810 1772 societate
844 1739 895 1768 ac
931 1719 1179 1766 foederibus
1211 1717 1388 1781 junxis-

100 1797 165 1845 set
186 1799 361 1847 animos
376 1836 389 1859 ,
417 1799 571 1863 positis
592 1810 884 1845 externorum
908 1792 1216 1857 periculorum
1242 1792 1391 1850 curis,

103 1888 160 1917 ne
187 1871 521 1920 luxuriarentur
547 1872 647 1917 otio
682 1869 846 1924 animi,
877 1884 994 1931 quos
1022 1877 1166 1912 metus
1197 1864 1392 1910 hostium

104 1943 434 2007 disciplinaque
464 1941 667 1989 militaris
702 1939 1021 1992 continuerat;
1055 1937 1261 1983 omnium
1295 1935 1393 1998 pri-

104 2034 229 2064 mum
245 2054 261 2074 ,
280 2033 374 2063 rem
397 2016 451 2062 ad
479 2013 813 2062 multitudinem
839 2009 1118 2074 imperitam,
1151 2011 1200 2056 δέ
1223 2008 1310 2054 illis
1332 2006 1396 2054 se-

110 2092 222 2138 culis
252 2093 438 2148 rudem,
469 2087 843 2143 efficaciffimam,
874 2085 1084 2131 Deorum
1115 2093 1285 2149 metum
1322 2081 1396 2128 in-

109 2166 356 2230 jiciendum
390 2178 510 2212 ratus
536 2163 610 2210 est.
649 2161 731 2225 qui
772 2177 879 2207 cum
911 2157 1177 2204 descendere
1208 2155 1264 2202 ad
1298 2155 1398 2200 ani-

111 2258 212 2288 mos
247 2240 337 2286 fine
368 2239 522 2302 aliquo
560 2247 827 2283 commento
857 2230 1063 2279 miraculi
1098 2247 1195 2277 non
1224 2228 1397 2292 poss'et3

112 2314 289 2361 simulat
315 2313 396 2359 fibi
425 2329 528 2360 cum
557 2312 660 2358 Dea
676 2307 836 2373 Egeria
863 2304 1121 2368 congressus
1148 2305 1397 2350 noCturnos

114 2388 223 2435 esse:
252 2388 343 2446 ejus
370 2386 413 2433 se
435 2385 642 2441 monitu,
665 2401 766 2448 quae
792 2381 1091 2443 acceptissima
1111 2379 1215 2425 Diis
1238 2376 1399 2432 essent,

118 2462 240 2512 sacm
271 2459 535 2517 instituere;
570 2456 822 2508 sacerdotes
857 2455 963 2504 suos
1001 2454 1164 2517 cuique
1198 2452 1409 2498 Deorum
