1582 2793
177 209 267 255 262
528 204 1096 279 T1T1L1V11

173 335 277 366 cum
303 335 360 364 ex
384 317 614 366 veteribus
642 315 837 364 tribunis
872 326 1055 381 negaret
1087 300 1221 363 ullius
1253 314 1297 362 se
1326 313 1470 363 ratio·

172 410 276 440 nem
309 394 596 449 habiturum,
615 402 957 455 pugnarentque
989 389 1204 453 collegae,
1228 401 1279 435 ut
1308 388 1471 436 liberas

172 468 315 513 tribus
348 467 391 511 in
426 465 677 530 suffragium
714 465 940 522 mitteret,
969 475 1047 509 aut
1077 463 1349 510 concederet
1376 461 1471 509 sor·

172 554 261 588 tem
301 541 593 588 comitiorum
635 539 822 602 collegis
844 574 856 592 ,
885 538 1102 585 habituris
1135 555 1157 584 e
1191 538 1287 602 lege
1317 537 1470 602 potius

172 616 387 674 comitia,
409 634 539 681 quam
572 633 626 661 ex
648 614 887 662 voluntate
918 614 1125 668 Patrum3
1160 610 1321 673 injecta
1355 629 1471 660 con-

173 691 408 746 tentione,
454 689 672 747 Duilius,
716 686 920 735 consules
958 688 1013 734 ad
1060 686 1258 733 subsellia
1299 687 1470 734 accitos

173 783 276 812 cum
319 763 658 827 interrogasset,
692 762 803 825 quid
839 761 893 807 de
927 760 1125 808 comitiis
1156 759 1471 808 consularibus

171 839 219 886 in
266 839 419 884 animo
466 838 708 891 haberent,
747 834 1194 897 respondissentque,
1232 833 1274 880 se
1312 851 1470 883 novos

172 912 380 959 confides
421 924 680 966 creaturOS,
714 911 920 957 auctores
960 908 1194 971 popularis
1236 907 1470 956 sententiae

171 987 291 1032 haud
322 986 566 1049 populares
594 985 775 1042 nailus,
797 984 843 1030 in
864 982 1141 1031 concionem
1161 1000 1263 1030 cum
1287 982 1338 1030 iis
1360 999 1471 1046 pro-

170 1060 307 1108 ceffit.
338 1060 426 1106 Ubi
449 1077 548 1107 cum
570 1057 777 1106 consules
792 1095 806 1114 ,
825 1056 1035 1119 procluffi
1053 1057 1108 1103 ad
1128 1056 1379 1119 populum,
1399 1048 1470 1103 in*-

169 1133 504 1197 terrogatique,
532 1132 562 1177 si
592 1148 671 1178 eos
703 1130 898 1194 populus
929 1131 1163 1176 Romanus
1182 1165 1196 1187 ,
1216 1145 1393 1176 memor
1412 1128 1470 1176 li·-

167 1208 353 1256 bertatis
385 1225 462 1270 per
494 1206 599 1253 illos
621 1219 814 1270 receptae
834 1205 983 1263 domi,
1001 1221 1179 1260 memor
1199 1203 1371 1250 militiae
1394 1220 1467 1250 re-

167 1298 360 1344 rumque
391 1280 642 1343 gestarum,
671 1279 880 1327 consules
910 1278 1074 1325 iterum
1109 1277 1299 1332 faceret,
1329 1276 1466 1340 quid-

166 1376 271 1406 nam
298 1356 454 1403 facturi
481 1356 642 1411 effent,
671 1352 784 1401 nihil
813 1353 1042 1400 sententiae
1075 1351 1164 1399 suae
1195 1352 1468 1409 mtttaffent3

165 1431 433 1480 collaudatis
464 1429 755 1489 consulibus,
786 1429 914 1493 quod
943 1428 1285 1491 perseverarent
1311 1427 1368 1474 ad
1394 1425 1470 1473 ul-

166 1509 324 1555 timum
355 1504 579 1552 diffimiles
614 1503 983 1551 decemvirorum
1018 1501 1102 1548 effe
1121 1538 1134 1560 ,
1164 1500 1349 1548 comitia
1381 1500 1467 1547 ha-

166 1583 264 1630 buit
285 1601 294 1628 ε
335 1582 384 1627 &
398 1618 411 1639 ,
437 1580 636 1644 quinque
656 1578 850 1626 tribunis
871 1578 1013 1642 plebis
1035 1575 1217 1635 creatis,
1238 1592 1341 1622 cum
1373 1590 1467 1638 prae

167 1657 322 1704 studiis
343 1656 492 1703 averte
508 1655 758 1718 petentium
780 1671 951 1703 novem
966 1652 1258 1700 tribunorum
1280 1650 1355 1697 alii
1373 1666 1468 1698 can-

167 1731 303 1778 didati
326 1731 469 1778 tribus
494 1747 589 1777 non
611 1729 872 1792 explerent,
892 1727 1141 1775 concilium
1165 1724 1356 1779 dimifit;
1380 1740 1465 1770 nec

167 1805 283 1851 dein
276 1806 328 1850 le
361 1803 654 1850 comitiorum
692 1801 818 1848 causa
851 1799 1021 1847 habuit.
1067 1797 1345 1844 Satisfaf'tum
1379 1796 1466 1860 legi

163 1879 337 1937 ajebat,
362 1897 488 1936 quae
512 1895 702 1924 numero
729 1876 945 1939 nusquam
978 1871 1206 1936 praefinito
1235 1870 1429 1918 tribunis
1451 1907 1467 1953 .’

167 1951 308 1997 modo
349 1964 396 1996 ut
435 1934 817 2009 relinquerentur,
854 1947 1078 2003 sanciret,
1112 1947 1162 1994 &
1195 1944 1288 1991 ab
1278 1943 1355 2001 iis,
1385 1943 1464 2008 qui

167 2023 305 2070 creati
335 2024 497 2078 essent,
524 2024 734 2086 cooptari
765 2023 959 2086 collegas
988 2019 1172 2082 juberet
1205 2018 1462 2065 Recitabat-

165 2112 252 2158 que
282 2097 532 2159 rogationis
567 2114 773 2153 carmen,
803 2096 850 2142 in
879 2111 1004 2158 quO,
1032 2097 1082 2140 Si
1111 2095 1298 2139 tribunos
1323 2093 1462 2152 plebei

165 2173 297 2216 decem
323 2173 474 2228 rogabo
492 2207 504 2227 ‚
513 2172 563 2235 [ἶ
585 2176 657 2233 qui
682 2191 758 2217 vos
788 2173 932 2217 minus
957 2171 1080 2215 hodie
1110 2170 1241 2213 decem
1272 2168 1460 2212 tribunos

155 2246 291 2305 plebei
306 2240 394 2301 fic
387 2246 526 2288 ’‘mis:
556 2247 600 2289 Izi
624 2261 710 2290 tum
738 2247 822 2298 uti,
843 2261 997 2304 quos
953 2242 1004 2304 s
1001 2244 1043 2287 ba
1063 2245 1239 2300 collegas
1266 2239 1458 2300 cooptas-

146 2316 273 2380 snt,
294 2333 340 2362 uc
369 2320 435 2361 illi
463 2320 636 2378 ltgicimi
659 2320 797 2363 eadem
824 2321 907 2378 [με
938 2318 1096 2361 tribuni
1116 2318 1183 2376 ple
1179 2316 1248 2359 bei
1266 2313 1317 2378 s
1295 2329 1389 2369 nc
1411 2327 1459 2358 ut

162 2393 251 2445 illi,
271 2409 373 2450 quos
391 2393 512 2436 hodic
530 2394 716 2436 tribunos
738 2390 1079 2450 plebeiftccrlcis,
1114 2387 1301 2435 Duilius
1320 2423 1333 2445 ,
1353 2403 1456 2434 cum

161 2461 217 2506 ad
248 2462 458 2508 ultimum
486 2460 833 2524 perseverasset,
854 2461 1061 2522 negando
1093 2459 1353 2524 quindecim
1372 2459 1457 2506 tri-

161 2532 310 2580 bunos
337 2535 485 2598 plebei
510 2533 833 2598 rempublicam
858 2533 1020 2580 habere
1052 2531 1199 2595 posse,
1223 2531 1339 2581 viiia
1361 2531 1459 2581 col-
