1582 2793
239 149 1164 200 HISTORIARUML13.111.
1305 170 1389 219 195

101 276 187 308 tum
208 260 635 320 nczturaefhrmrzaeque
655 261 849 304 omnihus
878 261 997 305 bonis
1015 297 1027 315 ‚
1048 259 1284 308 maximum
1304 283 1394 309 mo-

104 351 283 379 mentum
313 351 443 378 rerum
465 332 555 387 ejus
583 333 792 387 civitatis,
814 335 859 376 irz
891 351 1172 394 quamcunque
1200 333 1394 399 vetz'zffit,

90 409 222 468 ficum
240 442 253 463 ‚
283 425 405 467 quam
426 409 609 450 alienum
623 440 635 460 ,
654 408 828 449 mallem
844 407 969 450 civem
989 403 1072 468 effe.
1113 408 1246 466 Quod
1260 406 1394 471 offin-

103 485 181 527 dac
203 483 248 525 irz
275 498 318 524 eo
338 514 350 534 ‚
399 497 573 523 ervorem
595 475 637 523 ξφ
657 479 883 522 audaciam
903 512 915 531 ‚
936 494 1092 523 aetatem
1112 484 1294 537 quotidie
1312 500 1395 526 au-

91 554 232 614 ferre;
267 555 380 613 quod
412 552 653 616 dcfiderccur
675 549 891 614 confilium
910 586 924 607 ‚
954 553 1002 595 id
1029 553 1074 596 irz
1103 554 1191 597 dies
1219 555 1395 613 crescere.

102 627 409 686 Serzescmtihus
430 627 549 669 vitiis
564 660 578 679 ‚
599 624 884 682 maturescente
904 627 1050 669 virtute
1064 658 1077 680 ‚
1093 624 1281 688 sinerem·
1294 643 1397 671 tan—-

103 716 192 747 tum
222 703 357 745 virum
374 699 516 759 finem
539 701 584 743 irz
616 700 780 743 civitate
802 698 912 757 fieri.
943 697 1071 743 Pater
1096 695 1215 743 inter
1241 697 1325 745 lios
1347 701 1396 747 L.

105 772 350 833 Quinctius
373 808 387 828 ,
425 770 499 817 cui
533 769 813 816 Cincinnato
853 785 1112 833 cognomen
1148 782 1269 827 erat,
1300 786 1396 816 non

105 845 310 892 iterando
338 843 518 901 laudes,
552 859 607 888 ne
627 841 877 889 cumularet
911 841 1131 889 invidiam
1149 875 1166 900 ,
1204 842 1278 889 sed
1310 860 1398 890 ve-

104 919 227 965 niam
255 917 400 964 errori
430 930 565 981 atque
593 914 904 964 adolescentiae
925 917 1150 978 petendo,
1180 915 1258 962 sibi
1278 952 1293 975 ,
1318 916 1398 980 qui

105 1010 202 1040 non
222 993 366 1050 dicio,
385 1007 481 1038 non
500 991 619 1038 fa&o
639 1006 895 1054 quenquam
912 989 1164 1038 offendisset
1178 1026 1192 1048 ‚
1212 1002 1261 1037 ut
1282 1008 1398 1038 con-

106 1068 332 1114 donarent
358 1064 499 1111 filium
516 1099 530 1122 ,
552 1065 723 1111 orabat.
758 1065 843 1110 Sed
869 1063 945 1111 alii
962 1063 1277 1112 aversabantur
1299 1082 1399 1128 pre·

106 1156 213 1197 ces,
251 1150 325 1185 aut
362 1136 669 1193 verecundia,
705 1149 781 1182 aut
814 1149 967 1183 metu:
1002 1135 1105 1194 alii,
1144 1136 1187 1184 se
1209 1137 1399 1203 suosque

106 1213 329 1261 mulcatos
351 1222 616 1276 querentes,
631 1211 777 1258 atroci
798 1210 1014 1275 responso
1030 1210 1248 1274 judicium
1267 1211 1397 1261 suum

107 1284 419 1352 praeferebant.

71 1365 75 1368 ’
172 1361 291 1408 XIII.
311 1358 545 1406 Premebat
562 1372 687 1403 reum
700 1391 715 1414 ‚
731 1367 892 1417 praeter
909 1356 1134 1420 vulgatam
1153 1355 1402 1420 invidiam

108 1434 281 1482 crimen
304 1449 474 1487 unum;
500 1430 626 1494 quod
655 1431 720 1476 M.
739 1428 948 1476 Volscius
978 1430 1153 1488 Ficior,
1191 1432 1271 1495 qui
1295 1445 1400 1480 ante

106 1507 288 1571 aliquot
318 1521 464 1552 annos
492 1503 703 1550 tribunus
736 1502 877 1564 plebis
902 1501 1049 1550 fuerat
1067 1539 1080 1561 ,
1110 1503 1230 1552 testis
1265 1506 1400 1553 exsti-

108 1592 252 1638 terat,
281 1583 334 1626 Se
367 1582 485 1625 haud
512 1582 642 1623 multo
667 1577 786 1643 post,
816 1596 939 1637 quam
968 1579 1197 1643 pestilentia
1225 1582 1271 1625 irz
1305 1582 1400 1626 urbe

97 1653 245 1713 ficerat
262 1689 275 1708 ‚
305 1656 350 1698 in
364 1653 620 1707 juventutem
635 1686 650 1706 ,
670 1646 912 1713 graffimtem
939 1652 985 1695 in
1005 1653 1171 1697 Subura
1184 1687 1200 1708 ,
1225 1653 1402 1713 incidifi

95 1728 160 1787 st.
198 1729 257 1771 ihi
291 1729 432 1771 rixam
470 1741 615 1770 natam
647 1720 742 1786 ff,
765 1721 1021 1783 fratremque
1036 1723 1166 1784 suum
1201 1725 1401 1782 majorem

109 1815 212 1845 natu
227 1834 242 1855 ,
277 1801 448 1844 necdum
475 1816 528 1843 ex
555 1799 694 1843 morbo
712 1796 827 1856 finis
853 1795 1043 1842 validum
1063 1833 1079 1854 ,
1100 1816 1248 1860 pugno
1275 1799 1402 1845 ift‘um

109 1875 164 1917 ab
186 1872 346 1932 Caesbne
366 1867 544 1933 cecidzff}
564 1871 871 1930 fimianimem.
909 1871 1025 1916 Inter
1050 1886 1203 1916 manus
1231 1874 1400 1918 domum

108 1947 298 1990 ablatum
317 1979 332 2000 ‚
363 1959 644 2002 mortuumque
662 1944 759 1987 inde
784 1945 1007 1989 arbitrari:
1041 1962 1112 1989 nec
1118 1943 1210 2009 fibi
1228 1963 1308 1991 rem
1328 1964 1404 1991 ex-

97 2020 221 2080 sequi
249 2034 336 2064 tam
357 2033 532 2063 atrocem
546 2035 621 2076 per
639 2016 821 2076 consules
831 2017 1091 2078 fitperiorum
1119 2036 1324 2066 armorum
1346 2023 1405 2066 li-

109 2089 240 2156 cmffl.
270 2092 378 2137 Haec
397 2088 584 2136 Volscio
621 2088 900 2147 clamitante,
929 2089 1043 2136 adeo
1073 2091 1291 2138 concitati
1316 2091 1404 2138 ho—

109 2162 253 2210 mines
284 2163 411 2220 sunt,
442 2173 491 2208 ut
517 2161 635 2206 haud
655 2160 846 2208 multum
865 2160 1091 2219 abfuerit,
1125 2162 1235 2225 quin
1256 2163 1404 2225 impe-

112 2248 160 2282 tu
179 2233 483 2298 populiCaeso
506 2233 722 2280 interiret.
752 2233 981 2298 Virginius
1003 2233 1142 2295 arripi
1170 2232 1296 2294 jubet
1316 2236 1410 2279 ho-

114 2309 284 2355 minem
302 2344 315 2364 ‚
351 2309 401 2354 &
426 2307 471 2353 in
501 2308 683 2354 vincula
717 2306 835 2354 duci.
868 2306 1048 2369 patricii
1076 2319 1234 2354 contra
1258 2307 1307 2352 vi
1333 2323 1408 2352 re-

116 2381 285 2427 sistunt.
316 2382 373 2427 T.
395 2379 635 2440 Quinffius
664 2380 862 2428 clamitat
881 2415 895 2437 ‚
921 2383 999 2427 Cui
1022 2384 1078 2426 rei
1107 2383 1303 2440 capitalis
1320 2383 1409 2424 dies

113 2455 290 2520 diflafit
301 2491 316 2515 ,
345 2454 387 2504 β’
404 2459 452 2503 de
470 2475 549 2518 quo
569 2455 771 2516 futurum
794 2459 1032 2518 propediem
1050 2455 1267 2512 judicium
1283 2487 1298 2513 ,
1318 2470 1408 2507 eum

1058 2527 1100 2573 N
1129 2543 1155 2572 2
