<?xml version="1.0" encoding="UTF-8"?>
<!DOCTYPE html PUBLIC "-//W3C//DTD XHTML 1.0 Transitional//EN"
    "http://www.w3.org/TR/xhtml1/DTD/xhtml1-transitional.dtd">
<html xmlns="http://www.w3.org/1999/xhtml" xml:lang="en" lang="en">
 <head>
  <title>
</title>
<meta http-equiv="Content-Type" content="text/html;charset=utf-8" />
  <meta name='ocr-system' content='tesseract 3.04.00' />
  <meta name='ocr-capabilities' content='ocr_page ocr_carea ocr_par ocr_line ocrx_word'/>
</head>
<body>
  <div class='ocr_page' id='page_1' title='image "./historiarumlibri01livyuoft_0279.png"; bbox 0 0 1582 2793; ppageno 0'>
   <div class='ocr_carea' id='block_1_1' title="bbox 256 150 1350 223">
    <p class='ocr_par' dir='ltr' id='par_1_1' title="bbox 256 150 1350 223">
     <span class='ocr_line' id='line_1_1' title="bbox 256 150 1350 223; baseline 0.006 -24"><span class='ocrx_word' id='word_1_1' title='bbox 256 150 1152 204; x_wconf 67' lang='lat' dir='ltr'>HIS&#39;I&#39;ORIARU?=1L113.11.</span> <span class='ocrx_word' id='word_1_2' title='bbox 1266 171 1350 223; x_wconf 82' lang='lat'>115</span> 
     </span>
    </p>
   </div>
   <div class='ocr_carea' id='block_1_2' title="bbox 0 259 1356 2585">
    <p class='ocr_par' dir='ltr' id='par_1_2' title="bbox 0 259 1356 2383">
     <span class='ocr_line' id='line_1_2' title="bbox 55 259 1355 328; baseline 0.005 -21"><span class='ocrx_word' id='word_1_3' title='bbox 55 269 178 307; x_wconf 85' lang='lat' dir='ltr'>tator</span> <span class='ocrx_word' id='word_1_4' title='bbox 193 298 206 319; x_wconf 93' lang='lat'>‚</span> <span class='ocrx_word' id='word_1_5' title='bbox 234 262 291 308; x_wconf 90' lang='lat' dir='ltr'>T.</span> <span class='ocrx_word' id='word_1_6' title='bbox 309 260 519 308; x_wconf 84' lang='lat' dir='ltr'>AEbutius</span> <span class='ocrx_word' id='word_1_7' title='bbox 541 259 749 324; x_wconf 80' lang='lat' dir='ltr'>magister</span> <span class='ocrx_word' id='word_1_8' title='bbox 767 261 967 323; x_wconf 85' lang='lat' dir='ltr'>equitum</span> <span class='ocrx_word' id='word_1_9' title='bbox 982 299 995 320; x_wconf 78' lang='lat'>‚</span> <span class='ocrx_word' id='word_1_10' title='bbox 1013 265 1185 326; x_wconf 76' lang='lat' dir='ltr'>magnis</span> <span class='ocrx_word' id='word_1_11' title='bbox 1208 267 1355 328; x_wconf 81' lang='lat' dir='ltr'>copiis</span> 
     </span>
     <span class='ocr_line' id='line_1_3' title="bbox 54 331 1351 399; baseline 0.003 -20"><span class='ocrx_word' id='word_1_12' title='bbox 54 334 257 395; x_wconf 88' lang='lat' dir='ltr'>peditum</span> <span class='ocrx_word' id='word_1_13' title='bbox 289 333 583 396; x_wconf 82' lang='lat' dir='ltr'>equitumque</span> <span class='ocrx_word' id='word_1_14' title='bbox 617 331 839 394; x_wconf 65' lang='lat' dir='ltr'>profesti,</span> <span class='ocrx_word' id='word_1_15' title='bbox 874 335 930 380; x_wconf 86' lang='lat' dir='ltr'>ad</span> <span class='ocrx_word' id='word_1_16' title='bbox 956 333 1100 381; x_wconf 86' lang='lat' dir='ltr'>lacum</span> <span class='ocrx_word' id='word_1_17' title='bbox 1123 336 1351 399; x_wconf 78' lang='lat' dir='ltr'>Regillum</span> 
     </span>
     <span class='ocr_line' id='line_1_4' title="bbox 54 404 1351 470; baseline 0.004 -18"><span class='ocrx_word' id='word_1_18' title='bbox 54 404 102 452; x_wconf 89' lang='lat' dir='ltr'>in</span> <span class='ocrx_word' id='word_1_19' title='bbox 122 423 233 470; x_wconf 86' lang='lat' dir='ltr'>agro</span> <span class='ocrx_word' id='word_1_20' title='bbox 245 404 509 453; x_wconf 83' lang='lat' dir='ltr'>Tusculano</span> <span class='ocrx_word' id='word_1_21' title='bbox 527 404 696 467; x_wconf 81' lang='lat' dir='ltr'>agmini</span> <span class='ocrx_word' id='word_1_22' title='bbox 718 404 918 450; x_wconf 81' lang='lat' dir='ltr'>hostium</span> <span class='ocrx_word' id='word_1_23' title='bbox 938 421 1260 456; x_wconf 54' lang='lat' dir='ltr'>occurrerunt„</span> <span class='ocrx_word' id='word_1_24' title='bbox 1274 412 1351 469; x_wconf 87' lang='lat'>&amp;‚</span> 
     </span>
     <span class='ocr_line' id='line_1_5' title="bbox 55 478 1356 543; baseline 0.004 -17"><span class='ocrx_word' id='word_1_25' title='bbox 55 480 163 543; x_wconf 81' lang='lat' dir='ltr'>quia</span> <span class='ocrx_word' id='word_1_26' title='bbox 191 478 468 542; x_wconf 80' lang='lat' dir='ltr'>Tarquinios</span> <span class='ocrx_word' id='word_1_27' title='bbox 499 479 585 525; x_wconf 85' lang='lat' dir='ltr'>effe</span> <span class='ocrx_word' id='word_1_28' title='bbox 617 479 665 525; x_wconf 89' lang='lat' dir='ltr'>in</span> <span class='ocrx_word' id='word_1_29' title='bbox 695 479 900 526; x_wconf 85' lang='lat' dir='ltr'>exercitu</span> <span class='ocrx_word' id='word_1_30' title='bbox 929 480 1194 528; x_wconf 85' lang='lat' dir='ltr'>Latinorum</span> <span class='ocrx_word' id='word_1_31' title='bbox 1225 484 1356 530; x_wconf 85' lang='lat' dir='ltr'>audi-</span> 
     </span>
     <span class='ocr_line' id='line_1_6' title="bbox 54 551 1355 618; baseline 0.004 -22"><span class='ocrx_word' id='word_1_32' title='bbox 54 563 152 597; x_wconf 89' lang='lat' dir='ltr'>tum</span> <span class='ocrx_word' id='word_1_33' title='bbox 182 551 244 597; x_wconf 87' lang='lat' dir='ltr'>est</span> <span class='ocrx_word' id='word_1_34' title='bbox 266 587 280 607; x_wconf 90' lang='lat'>‚</span> <span class='ocrx_word' id='word_1_35' title='bbox 310 551 516 598; x_wconf 80' lang='lat' dir='ltr'>sustineri</span> <span class='ocrx_word' id='word_1_36' title='bbox 543 551 609 597; x_wconf 87' lang='lat' dir='ltr'>ira</span> <span class='ocrx_word' id='word_1_37' title='bbox 641 567 738 597; x_wconf 90' lang='lat' dir='ltr'>non</span> <span class='ocrx_word' id='word_1_38' title='bbox 769 552 946 613; x_wconf 87' lang='lat' dir='ltr'>potuit,</span> <span class='ocrx_word' id='word_1_39' title='bbox 978 553 1090 615; x_wconf 82' lang='lat' dir='ltr'>quin</span> <span class='ocrx_word' id='word_1_40' title='bbox 1120 556 1355 618; x_wconf 85' lang='lat' dir='ltr'>extemplo</span> 
     </span>
     <span class='ocr_line' id='line_1_7' title="bbox 54 621 1353 689; baseline 0.004 -19"><span class='ocrx_word' id='word_1_41' title='bbox 54 623 371 688; x_wconf 83' lang='lat' dir='ltr'>confligerent.</span> <span class='ocrx_word' id='word_1_42' title='bbox 412 626 533 687; x_wconf 80' lang='lat' dir='ltr'>Ergo</span> <span class='ocrx_word' id='word_1_43' title='bbox 556 625 687 669; x_wconf 87' lang='lat' dir='ltr'>etiam</span> <span class='ocrx_word' id='word_1_44' title='bbox 707 621 918 685; x_wconf 83' lang='lat' dir='ltr'>proelium</span> <span class='ocrx_word' id='word_1_45' title='bbox 937 622 1198 687; x_wconf 86' lang='lat' dir='ltr'>aliquanto,</span> <span class='ocrx_word' id='word_1_46' title='bbox 1218 643 1353 689; x_wconf 87' lang='lat' dir='ltr'>quam</span> 
     </span>
     <span class='ocr_line' id='line_1_8' title="bbox 52 694 1353 761; baseline 0.003 -19"><span class='ocrx_word' id='word_1_47' title='bbox 52 709 201 743; x_wconf 88' lang='lat' dir='ltr'>cetera</span> <span class='ocrx_word' id='word_1_48' title='bbox 218 734 230 755; x_wconf 92' lang='lat'>‚</span> <span class='ocrx_word' id='word_1_49' title='bbox 267 698 451 761; x_wconf 83' lang='lat' dir='ltr'>gravius</span> <span class='ocrx_word' id='word_1_50' title='bbox 470 712 604 760; x_wconf 83' lang='lat' dir='ltr'>atque</span> <span class='ocrx_word' id='word_1_51' title='bbox 632 697 832 743; x_wconf 86' lang='lat' dir='ltr'>atrocius</span> <span class='ocrx_word' id='word_1_52' title='bbox 851 694 949 743; x_wconf 82' lang='lat' dir='ltr'>fuit.</span> <span class='ocrx_word' id='word_1_53' title='bbox 994 714 1090 743; x_wconf 88' lang='lat' dir='ltr'>non</span> <span class='ocrx_word' id='word_1_54' title='bbox 1116 699 1236 745; x_wconf 89' lang='lat' dir='ltr'>enim</span> <span class='ocrx_word' id='word_1_55' title='bbox 1264 701 1353 746; x_wconf 81' lang='lat' dir='ltr'>du-</span> 
     </span>
     <span class='ocr_line' id='line_1_9' title="bbox 56 768 1354 832; baseline 0.002 -16"><span class='ocrx_word' id='word_1_56' title='bbox 56 786 131 816; x_wconf 87' lang='lat' dir='ltr'>ces</span> <span class='ocrx_word' id='word_1_57' title='bbox 161 772 215 816; x_wconf 85' lang='lat' dir='ltr'>ad</span> <span class='ocrx_word' id='word_1_58' title='bbox 245 770 481 832; x_wconf 84' lang='lat' dir='ltr'>regendam</span> <span class='ocrx_word' id='word_1_59' title='bbox 511 770 654 815; x_wconf 92' lang='lat' dir='ltr'>modo</span> <span class='ocrx_word' id='word_1_60' title='bbox 684 768 876 815; x_wconf 85' lang='lat' dir='ltr'>confilio</span> <span class='ocrx_word' id='word_1_61' title='bbox 906 785 1000 816; x_wconf 89' lang='lat' dir='ltr'>rem</span> <span class='ocrx_word' id='word_1_62' title='bbox 1029 770 1226 830; x_wconf 83' lang='lat' dir='ltr'>affuere,</span> <span class='ocrx_word' id='word_1_63' title='bbox 1249 771 1354 832; x_wconf 89' lang='lat' dir='ltr'>sed,</span> 
     </span>
     <span class='ocr_line' id='line_1_10' title="bbox 53 840 1355 906; baseline 0.003 -17"><span class='ocrx_word' id='word_1_64' title='bbox 53 842 334 906; x_wconf 78' lang='lat' dir='ltr'>suismetipsis</span> <span class='ocrx_word' id='word_1_65' title='bbox 377 842 651 906; x_wconf 86' lang='lat' dir='ltr'>corporibus</span> <span class='ocrx_word' id='word_1_66' title='bbox 684 840 980 901; x_wconf 83' lang='lat' dir='ltr'>dimicantes,</span> <span class='ocrx_word' id='word_1_67' title='bbox 1008 843 1223 892; x_wconf 80' lang='lat' dir='ltr'>miscuere</span> <span class='ocrx_word' id='word_1_68' title='bbox 1254 862 1355 892; x_wconf 84' lang='lat' dir='ltr'>cer-</span> 
     </span>
     <span class='ocr_line' id='line_1_11' title="bbox 54 915 1356 981; baseline 0.003 -17"><span class='ocrx_word' id='word_1_69' title='bbox 54 917 236 964; x_wconf 85' lang='lat' dir='ltr'>tamina.</span> <span class='ocrx_word' id='word_1_70' title='bbox 277 934 359 964; x_wconf 89' lang='lat' dir='ltr'>nec</span> <span class='ocrx_word' id='word_1_71' title='bbox 386 917 619 981; x_wconf 84' lang='lat' dir='ltr'>quisquam</span> <span class='ocrx_word' id='word_1_72' title='bbox 645 930 885 980; x_wconf 86' lang='lat' dir='ltr'>procerum</span> <span class='ocrx_word' id='word_1_73' title='bbox 916 915 1055 965; x_wconf 85' lang='lat' dir='ltr'>ferme</span> <span class='ocrx_word' id='word_1_74' title='bbox 1076 919 1159 967; x_wconf 86' lang='lat' dir='ltr'>hac</span> <span class='ocrx_word' id='word_1_75' title='bbox 1180 935 1255 968; x_wconf 87' lang='lat' dir='ltr'>aut</span> <span class='ocrx_word' id='word_1_76' title='bbox 1276 921 1356 969; x_wconf 87' lang='lat' dir='ltr'>illa</span> 
     </span>
     <span class='ocr_line' id='line_1_12' title="bbox 51 989 1349 1055; baseline 0.004 -18"><span class='ocrx_word' id='word_1_77' title='bbox 51 1007 108 1037; x_wconf 82' lang='lat' dir='ltr'>ex</span> <span class='ocrx_word' id='word_1_78' title='bbox 130 993 224 1038; x_wconf 88' lang='lat' dir='ltr'>acie</span> <span class='ocrx_word' id='word_1_79' title='bbox 245 991 334 1037; x_wconf 81' lang='lat' dir='ltr'>sine</span> <span class='ocrx_word' id='word_1_80' title='bbox 359 991 569 1048; x_wconf 89' lang='lat' dir='ltr'>vulnere,</span> <span class='ocrx_word' id='word_1_81' title='bbox 592 1001 752 1053; x_wconf 84' lang='lat' dir='ltr'>praeter</span> <span class='ocrx_word' id='word_1_82' title='bbox 772 989 1033 1038; x_wconf 65' lang='lat' dir='ltr'>dictatorem</span> <span class='ocrx_word' id='word_1_83' title='bbox 1057 992 1317 1042; x_wconf 86' lang='lat' dir='ltr'>Romanum</span> <span class='ocrx_word' id='word_1_84' title='bbox 1333 1031 1349 1055; x_wconf 87' lang='lat'><strong>,</strong></span> 
     </span>
     <span class='ocr_line' id='line_1_13' title="bbox 51 1064 1354 1128; baseline 0.004 -16"><span class='ocrx_word' id='word_1_85' title='bbox 51 1068 247 1116; x_wconf 73' lang='lat' dir='ltr'>exceffitl</span> <span class='ocrx_word' id='word_1_86' title='bbox 290 1068 338 1113; x_wconf 90' lang='lat' dir='ltr'>In</span> <span class='ocrx_word' id='word_1_87' title='bbox 375 1065 689 1123; x_wconf 82' lang='lat' dir='ltr'>Postumium,</span> <span class='ocrx_word' id='word_1_88' title='bbox 732 1064 879 1128; x_wconf 90' lang='lat' dir='ltr'>prima</span> <span class='ocrx_word' id='word_1_89' title='bbox 918 1065 965 1112; x_wconf 89' lang='lat' dir='ltr'>in</span> <span class='ocrx_word' id='word_1_90' title='bbox 998 1068 1095 1114; x_wconf 90' lang='lat' dir='ltr'>acie</span> <span class='ocrx_word' id='word_1_91' title='bbox 1133 1068 1236 1116; x_wconf 89' lang='lat' dir='ltr'>suos</span> <span class='ocrx_word' id='word_1_92' title='bbox 1270 1070 1354 1116; x_wconf 63' lang='lat' dir='ltr'>adf-</span> 
     </span>
     <span class='ocr_line' id='line_1_14' title="bbox 50 1138 1352 1205; baseline 0.005 -21"><span class='ocrx_word' id='word_1_93' title='bbox 50 1139 312 1185; x_wconf 87' lang='lat' dir='ltr'>hortantem</span> <span class='ocrx_word' id='word_1_94' title='bbox 343 1138 728 1201; x_wconf 85' lang='lat' dir='ltr'>instruentemque</span> <span class='ocrx_word' id='word_1_95' title='bbox 750 1173 764 1195; x_wconf 86' lang='lat'>‚</span> <span class='ocrx_word' id='word_1_96' title='bbox 786 1139 1067 1201; x_wconf 80' lang='lat' dir='ltr'>Tarquinius</span> <span class='ocrx_word' id='word_1_97' title='bbox 1088 1141 1318 1205; x_wconf 83' lang='lat' dir='ltr'>Superbus</span> <span class='ocrx_word' id='word_1_98' title='bbox 1335 1178 1352 1203; x_wconf 91' lang='lat'>,</span> 
     </span>
     <span class='ocr_line' id='line_1_15' title="bbox 50 1210 1353 1279; baseline 0.002 -19"><span class='ocrx_word' id='word_1_99' title='bbox 50 1229 310 1277; x_wconf 84' lang='lat' dir='ltr'>quanquam</span> <span class='ocrx_word' id='word_1_100' title='bbox 330 1210 419 1274; x_wconf 84' lang='lat' dir='ltr'>jam</span> <span class='ocrx_word' id='word_1_101' title='bbox 441 1224 570 1258; x_wconf 81' lang='lat' dir='ltr'>aetate</span> <span class='ocrx_word' id='word_1_102' title='bbox 591 1213 640 1258; x_wconf 88' lang='lat'>&amp;</span> <span class='ocrx_word' id='word_1_103' title='bbox 659 1210 832 1258; x_wconf 84' lang='lat' dir='ltr'>viribus</span> <span class='ocrx_word' id='word_1_104' title='bbox 852 1224 947 1257; x_wconf 85' lang='lat' dir='ltr'>erat</span> <span class='ocrx_word' id='word_1_105' title='bbox 961 1213 1169 1276; x_wconf 82' lang='lat' dir='ltr'>gravior,</span> <span class='ocrx_word' id='word_1_106' title='bbox 1183 1232 1353 1279; x_wconf 88' lang='lat' dir='ltr'>equum</span> 
     </span>
     <span class='ocr_line' id='line_1_16' title="bbox 53 1283 1352 1347; baseline 0.002 -14"><span class='ocrx_word' id='word_1_107' title='bbox 53 1286 239 1333; x_wconf 88' lang='lat' dir='ltr'>infestus</span> <span class='ocrx_word' id='word_1_108' title='bbox 269 1284 477 1332; x_wconf 76' lang='lat' dir='ltr'>admisit:</span> <span class='ocrx_word' id='word_1_109' title='bbox 507 1283 702 1347; x_wconf 67' lang='lat' dir='ltr'>i5tusque</span> <span class='ocrx_word' id='word_1_110' title='bbox 731 1283 787 1330; x_wconf 93' lang='lat' dir='ltr'>ab</span> <span class='ocrx_word' id='word_1_111' title='bbox 815 1283 978 1343; x_wconf 85' lang='lat' dir='ltr'>latere,</span> <span class='ocrx_word' id='word_1_112' title='bbox 999 1288 1222 1335; x_wconf 75' lang='lat' dir='ltr'>concursu</span> <span class='ocrx_word' id='word_1_113' title='bbox 1243 1288 1352 1336; x_wconf 88' lang='lat' dir='ltr'>suo·—</span> 
     </span>
     <span class='ocr_line' id='line_1_17' title="bbox 53 1355 1351 1422; baseline 0.004 -17"><span class='ocrx_word' id='word_1_114' title='bbox 53 1376 154 1405; x_wconf 81' lang='lat' dir='ltr'>rum</span> <span class='ocrx_word' id='word_1_115' title='bbox 185 1370 393 1422; x_wconf 86' lang='lat' dir='ltr'>receptus</span> <span class='ocrx_word' id='word_1_116' title='bbox 428 1358 476 1404; x_wconf 87' lang='lat' dir='ltr'>in</span> <span class='ocrx_word' id='word_1_117' title='bbox 512 1369 660 1404; x_wconf 88' lang='lat' dir='ltr'>tutum</span> <span class='ocrx_word' id='word_1_118' title='bbox 693 1355 766 1404; x_wconf 87' lang='lat' dir='ltr'>est.</span> <span class='ocrx_word' id='word_1_119' title='bbox 805 1357 862 1402; x_wconf 83' lang='lat' dir='ltr'>Et</span> <span class='ocrx_word' id='word_1_120' title='bbox 894 1357 950 1403; x_wconf 90' lang='lat' dir='ltr'>ad</span> <span class='ocrx_word' id='word_1_121' title='bbox 982 1357 1169 1406; x_wconf 82' lang='lat' dir='ltr'>alterum</span> <span class='ocrx_word' id='word_1_122' title='bbox 1201 1378 1351 1411; x_wconf 90' lang='lat' dir='ltr'>cornu</span> 
     </span>
     <span class='ocr_line' id='line_1_18' title="bbox 51 1430 1350 1496; baseline 0.003 -16"><span class='ocrx_word' id='word_1_123' title='bbox 51 1433 264 1480; x_wconf 85' lang='lat' dir='ltr'>AEbutius</span> <span class='ocrx_word' id='word_1_124' title='bbox 292 1431 500 1496; x_wconf 82' lang='lat' dir='ltr'>magister</span> <span class='ocrx_word' id='word_1_125' title='bbox 530 1432 730 1496; x_wconf 86' lang='lat' dir='ltr'>equitum</span> <span class='ocrx_word' id='word_1_126' title='bbox 753 1430 799 1476; x_wconf 87' lang='lat' dir='ltr'>in</span> <span class='ocrx_word' id='word_1_127' title='bbox 823 1431 1069 1479; x_wconf 57' lang='lat' dir='ltr'>Octavium</span> <span class='ocrx_word' id='word_1_128' title='bbox 1090 1435 1350 1486; x_wconf 84' lang='lat' dir='ltr'>Mamilium</span> 
     </span>
     <span class='ocr_line' id='line_1_19' title="bbox 46 1503 1347 1569; baseline 0.005 -17"><span class='ocrx_word' id='word_1_129' title='bbox 46 1504 266 1569; x_wconf 84' lang='lat' dir='ltr'>impetum</span> <span class='ocrx_word' id='word_1_130' title='bbox 291 1506 485 1553; x_wconf 81' lang='lat' dir='ltr'>dederat.</span> <span class='ocrx_word' id='word_1_131' title='bbox 530 1522 616 1552; x_wconf 85' lang='lat' dir='ltr'>nec</span> <span class='ocrx_word' id='word_1_132' title='bbox 644 1503 802 1552; x_wconf 82' lang='lat' dir='ltr'>fefellit</span> <span class='ocrx_word' id='word_1_133' title='bbox 832 1506 1019 1554; x_wconf 78' lang='lat' dir='ltr'>veniens</span> <span class='ocrx_word' id='word_1_134' title='bbox 1041 1508 1347 1560; x_wconf 84' lang='lat' dir='ltr'>Tusculanum</span> 
     </span>
     <span class='ocr_line' id='line_1_20' title="bbox 48 1579 1345 1646; baseline 0.005 -20"><span class='ocrx_word' id='word_1_135' title='bbox 48 1582 237 1628; x_wconf 90' lang='lat' dir='ltr'>ducem:</span> <span class='ocrx_word' id='word_1_136' title='bbox 273 1596 433 1629; x_wconf 86' lang='lat' dir='ltr'>contra</span> <span class='ocrx_word' id='word_1_137' title='bbox 467 1597 602 1646; x_wconf 87' lang='lat' dir='ltr'>quem</span> <span class='ocrx_word' id='word_1_138' title='bbox 624 1582 672 1627; x_wconf 66' lang='grc' dir='ltr'>ὅ(</span> <span class='ocrx_word' id='word_1_139' title='bbox 701 1579 777 1625; x_wconf 83' lang='lat' dir='ltr'>ille</span> <span class='ocrx_word' id='word_1_140' title='bbox 802 1581 1004 1627; x_wconf 86' lang='lat' dir='ltr'>concitat</span> <span class='ocrx_word' id='word_1_141' title='bbox 1025 1591 1206 1644; x_wconf 84' lang='lat' dir='ltr'>equum&#39;.</span> <span class='ocrx_word' id='word_1_142' title='bbox 1241 1599 1345 1633; x_wconf 84' lang='lat' dir='ltr'>tan-</span> 
     </span>
     <span class='ocr_line' id='line_1_21' title="bbox 48 1655 1346 1722; baseline 0.002 -18"><span class='ocrx_word' id='word_1_143' title='bbox 48 1669 187 1722; x_wconf 85' lang='lat' dir='ltr'>taque</span> <span class='ocrx_word' id='word_1_144' title='bbox 217 1658 288 1705; x_wconf 92' lang='lat' dir='ltr'>vis</span> <span class='ocrx_word' id='word_1_145' title='bbox 323 1657 493 1704; x_wconf 85' lang='lat' dir='ltr'>infestis</span> <span class='ocrx_word' id='word_1_146' title='bbox 523 1657 807 1703; x_wconf 87' lang='lat' dir='ltr'>venientium</span> <span class='ocrx_word' id='word_1_147' title='bbox 842 1656 973 1703; x_wconf 83' lang='lat' dir='ltr'>hastis</span> <span class='ocrx_word' id='word_1_148' title='bbox 1007 1655 1091 1705; x_wconf 86' lang='lat' dir='ltr'>fuit</span> <span class='ocrx_word' id='word_1_149' title='bbox 1106 1679 1125 1716; x_wconf 91' lang='lat'>‚·</span> <span class='ocrx_word' id='word_1_150' title='bbox 1158 1672 1208 1706; x_wconf 90' lang='lat' dir='ltr'>ut</span> <span class='ocrx_word' id='word_1_151' title='bbox 1241 1660 1346 1707; x_wconf 82' lang='lat' dir='ltr'>bra-</span> 
     </span>
     <span class='ocr_line' id='line_1_22' title="bbox 50 1729 1344 1798; baseline 0.002 -20"><span class='ocrx_word' id='word_1_152' title='bbox 50 1732 207 1778; x_wconf 88' lang='lat' dir='ltr'>chium</span> <span class='ocrx_word' id='word_1_153' title='bbox 228 1732 416 1779; x_wconf 87' lang='lat' dir='ltr'>AEbutio</span> <span class='ocrx_word' id='word_1_154' title='bbox 451 1729 683 1791; x_wconf 56' lang='lat' dir='ltr'>trajecium</span> <span class='ocrx_word' id='word_1_155' title='bbox 709 1729 790 1798; x_wconf 57' lang='lat' dir='ltr'>fit&gt;</span> <span class='ocrx_word' id='word_1_156' title='bbox 829 1730 1037 1777; x_wconf 88' lang='lat' dir='ltr'>Mamilio</span> <span class='ocrx_word' id='word_1_157' title='bbox 1064 1732 1218 1794; x_wconf 62' lang='lat' dir='ltr'>pectus</span> <span class='ocrx_word' id='word_1_158' title='bbox 1242 1750 1344 1797; x_wconf 86' lang='lat' dir='ltr'>per·</span> 
     </span>
     <span class='ocr_line' id='line_1_23' title="bbox 49 1802 1341 1867; baseline 0.002 -15"><span class='ocrx_word' id='word_1_159' title='bbox 49 1805 235 1853; x_wconf 75' lang='lat' dir='ltr'>cussum.</span> <span class='ocrx_word' id='word_1_160' title='bbox 287 1807 423 1851; x_wconf 86' lang='lat' dir='ltr'>Hunc</span> <span class='ocrx_word' id='word_1_161' title='bbox 456 1803 638 1867; x_wconf 85' lang='lat' dir='ltr'>quidem</span> <span class='ocrx_word' id='word_1_162' title='bbox 669 1802 716 1849; x_wconf 88' lang='lat' dir='ltr'>in</span> <span class='ocrx_word' id='word_1_163' title='bbox 747 1802 988 1851; x_wconf 89' lang='lat' dir='ltr'>secundam</span> <span class='ocrx_word' id='word_1_164' title='bbox 1023 1805 1166 1852; x_wconf 82' lang='lat' dir='ltr'>aciem</span> <span class='ocrx_word' id='word_1_165' title='bbox 1195 1807 1341 1855; x_wconf 85' lang='lat' dir='ltr'>Latini</span> 
     </span>
     <span class='ocr_line' id='line_1_24' title="bbox 47 1876 1341 1943; baseline 0.002 -16"><span class='ocrx_word' id='word_1_166' title='bbox 47 1896 275 1943; x_wconf 51' lang='lat' dir='ltr'>receperea</span> <span class='ocrx_word' id='word_1_167' title='bbox 307 1878 543 1936; x_wconf 87' lang='lat' dir='ltr'>AEbutius‚</span> <span class='ocrx_word' id='word_1_168' title='bbox 576 1895 681 1924; x_wconf 89' lang='lat' dir='ltr'>cum</span> <span class='ocrx_word' id='word_1_169' title='bbox 711 1876 859 1925; x_wconf 85' lang='lat' dir='ltr'>saucio</span> <span class='ocrx_word' id='word_1_170' title='bbox 880 1877 1071 1926; x_wconf 88' lang='lat' dir='ltr'>brachio</span> <span class='ocrx_word' id='word_1_171' title='bbox 1101 1891 1253 1928; x_wconf 89' lang='lat' dir='ltr'>tenere</span> <span class='ocrx_word' id='word_1_172' title='bbox 1276 1895 1341 1929; x_wconf 82' lang='lat' dir='ltr'>te·-</span> 
     </span>
     <span class='ocr_line' id='line_1_25' title="bbox 47 1951 1340 2016; baseline 0.002 -17"><span class='ocrx_word' id='word_1_173' title='bbox 47 1954 141 2000; x_wconf 89' lang='lat' dir='ltr'>lum</span> <span class='ocrx_word' id='word_1_174' title='bbox 164 1969 259 1998; x_wconf 90' lang='lat' dir='ltr'>non</span> <span class='ocrx_word' id='word_1_175' title='bbox 284 1952 428 2016; x_wconf 76' lang='lat' dir='ltr'>posset</span> <span class='ocrx_word' id='word_1_176' title='bbox 443 1988 457 2009; x_wconf 87' lang='lat'><strong>‚</strong></span> <span class='ocrx_word' id='word_1_177' title='bbox 479 1968 629 2015; x_wconf 80' lang='lat' dir='ltr'>pugna</span> <span class='ocrx_word' id='word_1_178' title='bbox 650 1951 847 1998; x_wconf 80' lang='lat' dir='ltr'>excessit.</span> <span class='ocrx_word' id='word_1_179' title='bbox 881 1951 1063 1999; x_wconf 86' lang='lat' dir='ltr'>Latinus</span> <span class='ocrx_word' id='word_1_180' title='bbox 1086 1953 1205 2012; x_wconf 81' lang='lat' dir='ltr'>dux,</span> <span class='ocrx_word' id='word_1_181' title='bbox 1225 1953 1340 2002; x_wconf 89' lang='lat' dir='ltr'>nihil</span> 
     </span>
     <span class='ocr_line' id='line_1_26' title="bbox 44 2023 1339 2089; baseline 0.002 -17"><span class='ocrx_word' id='word_1_182' title='bbox 44 2026 282 2072; x_wconf 83' lang='lat' dir='ltr'>deterritus</span> <span class='ocrx_word' id='word_1_183' title='bbox 318 2025 540 2081; x_wconf 88' lang='lat' dir='ltr'>vulnere,</span> <span class='ocrx_word' id='word_1_184' title='bbox 570 2023 785 2086; x_wconf 88' lang='lat' dir='ltr'>proelium</span> <span class='ocrx_word' id='word_1_185' title='bbox 819 2023 937 2080; x_wconf 90' lang='lat' dir='ltr'>ciet;</span> <span class='ocrx_word' id='word_1_186' title='bbox 977 2025 1059 2083; x_wconf 88' lang='lat'>&amp;,</span> <span class='ocrx_word' id='word_1_187' title='bbox 1095 2027 1200 2089; x_wconf 89' lang='lat' dir='ltr'>quia</span> <span class='ocrx_word' id='word_1_188' title='bbox 1232 2027 1339 2076; x_wconf 85' lang='lat' dir='ltr'>suos</span> 
     </span>
     <span class='ocr_line' id='line_1_27' title="bbox 44 2096 1338 2162; baseline 0.002 -17"><span class='ocrx_word' id='word_1_189' title='bbox 44 2097 276 2162; x_wconf 87' lang='lat' dir='ltr'>perculsos</span> <span class='ocrx_word' id='word_1_190' title='bbox 295 2098 478 2144; x_wconf 87' lang='lat' dir='ltr'>videbat</span> <span class='ocrx_word' id='word_1_191' title='bbox 499 2133 513 2155; x_wconf 92' lang='lat'><strong>‚</strong></span> <span class='ocrx_word' id='word_1_192' title='bbox 549 2096 722 2144; x_wconf 87' lang='lat' dir='ltr'>arceffit</span> <span class='ocrx_word' id='word_1_193' title='bbox 754 2097 997 2143; x_wconf 80' lang='lat' dir='ltr'>coho‘rtem</span> <span class='ocrx_word' id='word_1_194' title='bbox 1017 2097 1219 2146; x_wconf 85' lang='lat' dir='ltr'>exsulum</span> <span class='ocrx_word' id='word_1_195' title='bbox 1237 2101 1338 2147; x_wconf 86' lang='lat' dir='ltr'>Ro-</span> 
     </span>
     <span class='ocr_line' id='line_1_28' title="bbox 44 2166 1339 2234; baseline 0.002 -17"><span class='ocrx_word' id='word_1_196' title='bbox 44 2186 308 2229; x_wconf 81' lang='lat' dir='ltr'>manorum,</span> <span class='ocrx_word' id='word_1_197' title='bbox 330 2169 403 2216; x_wconf 88' lang='lat' dir='ltr'>cui</span> <span class='ocrx_word' id='word_1_198' title='bbox 422 2171 470 2216; x_wconf 90' lang='lat' dir='ltr'>L.</span> <span class='ocrx_word' id='word_1_199' title='bbox 484 2168 724 2231; x_wconf 87' lang='lat' dir='ltr'>Tarquinii</span> <span class='ocrx_word' id='word_1_200' title='bbox 744 2166 860 2215; x_wconf 84' lang='lat' dir='ltr'>filius</span> <span class='ocrx_word' id='word_1_201' title='bbox 879 2182 1080 2231; x_wconf 85' lang='lat' dir='ltr'>praeerat.</span> <span class='ocrx_word' id='word_1_202' title='bbox 1114 2187 1188 2229; x_wconf 87' lang='lat' dir='ltr'>ea,</span> <span class='ocrx_word' id='word_1_203' title='bbox 1210 2172 1339 2234; x_wconf 87' lang='lat' dir='ltr'>quod</span> 
     </span>
     <span class='ocr_line' id='line_1_29' title="bbox 0 2243 1338 2310; baseline 0.003 -20"><span class='ocrx_word' id='word_1_204' title='bbox 0 2250 3 2257; x_wconf 83' lang='lat'><em>&#39;</em></span> <span class='ocrx_word' id='word_1_205' title='bbox 45 2244 218 2305; x_wconf 84' lang='lat' dir='ltr'>majore</span> <span class='ocrx_word' id='word_1_206' title='bbox 256 2245 486 2308; x_wconf 86' lang='lat' dir='ltr'>pugnabat</span> <span class='ocrx_word' id='word_1_207' title='bbox 520 2243 584 2290; x_wconf 85' lang='lat' dir='ltr'>ira</span> <span class='ocrx_word' id='word_1_208' title='bbox 618 2243 681 2290; x_wconf 92' lang='lat' dir='ltr'>ob</span> <span class='ocrx_word' id='word_1_209' title='bbox 720 2256 872 2306; x_wconf 86' lang='lat' dir='ltr'>erepta</span> <span class='ocrx_word' id='word_1_210' title='bbox 902 2243 1023 2290; x_wconf 88' lang='lat' dir='ltr'>bona</span> <span class='ocrx_word' id='word_1_211' title='bbox 1056 2245 1338 2310; x_wconf 81' lang='lat' dir='ltr'>patriamque</span> 
     </span>
     <span class='ocr_line' id='line_1_30' title="bbox 44 2317 1006 2383; baseline -0.002 -17"><span class='ocrx_word' id='word_1_212' title='bbox 44 2319 291 2375; x_wconf 84' lang='lat' dir='ltr'>ademtam,</span> <span class='ocrx_word' id='word_1_213' title='bbox 323 2335 519 2383; x_wconf 87' lang='lat' dir='ltr'>pugnam</span> <span class='ocrx_word' id='word_1_214' title='bbox 545 2335 785 2381; x_wconf 88' lang='lat' dir='ltr'>parumper</span> <span class='ocrx_word' id='word_1_215' title='bbox 801 2317 1006 2364; x_wconf 78' lang='lat' dir='ltr'>restituit.</span> 
     </span>
    </p>

    <p class='ocr_par' dir='ltr' id='par_1_3' title="bbox 42 2390 1340 2526">
     <span class='ocr_line' id='line_1_31' title="bbox 113 2390 1340 2456; baseline -0.002 -17"><span class='ocrx_word' id='word_1_216' title='bbox 113 2393 222 2439; x_wconf 90' lang='lat' dir='ltr'>XX.</span> <span class='ocrx_word' id='word_1_217' title='bbox 260 2391 576 2440; x_wconf 80' lang='lat' dir='ltr'>Referentibus</span> <span class='ocrx_word' id='word_1_218' title='bbox 608 2392 696 2456; x_wconf 87' lang='lat' dir='ltr'>jam</span> <span class='ocrx_word' id='word_1_219' title='bbox 729 2393 887 2455; x_wconf 87' lang='lat' dir='ltr'>pedem</span> <span class='ocrx_word' id='word_1_220' title='bbox 919 2392 975 2438; x_wconf 90' lang='lat' dir='ltr'>ab</span> <span class='ocrx_word' id='word_1_221' title='bbox 1006 2408 1057 2437; x_wconf 90' lang='lat' dir='ltr'>ea</span> <span class='ocrx_word' id='word_1_222' title='bbox 1091 2404 1215 2452; x_wconf 88' lang='lat' dir='ltr'>parte</span> <span class='ocrx_word' id='word_1_223' title='bbox 1238 2390 1340 2436; x_wconf 52' lang='lat' dir='ltr'>Ro-z</span> 
     </span>
     <span class='ocr_line' id='line_1_32' title="bbox 42 2463 1337 2526; baseline -0.001 -15"><span class='ocrx_word' id='word_1_224' title='bbox 42 2467 220 2526; x_wconf 86' lang='lat' dir='ltr'>manis,</span> <span class='ocrx_word' id='word_1_225' title='bbox 254 2467 320 2514; x_wconf 81' lang='lat' dir='ltr'>M.</span> <span class='ocrx_word' id='word_1_226' title='bbox 353 2466 588 2526; x_wconf 83' lang='lat' dir='ltr'>Valerius,</span> <span class='ocrx_word' id='word_1_227' title='bbox 619 2466 870 2514; x_wconf 82' lang='lat' dir='ltr'>Publicolae</span> <span class='ocrx_word' id='word_1_228' title='bbox 900 2463 1065 2522; x_wconf 78' lang='lat' dir='ltr'>frater,</span> <span class='ocrx_word' id='word_1_229' title='bbox 1098 2463 1337 2526; x_wconf 73' lang='lat' dir='ltr'>conspica-</span> 
     </span>
    </p>

    <p class='ocr_par' dir='ltr' id='par_1_4' title="bbox 927 2541 1034 2585">
     <span class='ocr_line' id='line_1_33' title="bbox 927 2541 1034 2585; baseline -0.009 0"><span class='ocrx_word' id='word_1_230' title='bbox 927 2541 970 2585; x_wconf 82' lang='lat' dir='ltr'>H</span> <span class='ocrx_word' id='word_1_231' title='bbox 1008 2556 1034 2584; x_wconf 82' lang='lat'><em>2</em></span> 
     </span>
    </p>
   </div>
  </div>
 </body>
</html>
