1582 2793
267 224 851 271 Hls'f()1{1ARU?-.{
900 226 1163 270 Lll3.lll.
1304 223 1386 270 181

168 335 238 379 111.
274 332 448 378 Relicto
474 331 623 394 itaque
645 330 794 377 castris
827 331 1030 392 praesidio
1052 368 1064 388 ‚
1091 331 1241 393 egreffi
1262 343 1390 378 tanto

103 422 209 453 cum
239 405 434 453 tumultu
458 402 660 451 invasere
679 402 789 451 fines
810 404 1045 450 Romanos
1062 442 1074 460 ‚
1095 419 1144 451 ut
1164 407 1217 452 acl
1237 405 1395 451 urbem

103 495 291 543 quoque
316 490 533 526 terrorem
553 477 834 539 pertulerint.
871 477 1141 539 necopinata
1170 480 1303 524 etiam
1326 494 1396 523 res

104 553 204 615 plus
237 550 550 614 trepidationis
586 549 720 607 fecit,
749 549 874 615 quod
905 548 1018 596 nihil
1055 550 1228 605 minus,
1260 566 1394 612 quam

106 643 164 673 ne
187 626 334 674 vietus
362 643 412 673 ac
434 641 576 688 prope
597 625 643 670 in
668 623 819 671 castris
841 622 1036 670 obseffus
1057 622 1196 669 hostis
1223 640 1397 670 memor

108 698 420 762 populationis
449 699 577 757 effer,
601 698 747 744 timeri
773 708 964 760 poterat.
1007 695 1300 760 agrestesque,
1323 714 1399 759 pa-

108 771 208 818 vidi
231 771 480 837 incidentes
500 771 667 834 portis,
686 788 779 817 non
798 769 1140 833 populationem
1155 805 1168 826 ,
1186 786 1268 816 nec
1288 786 1399 831 prae-

108 845 282 891 donum
313 861 476 907 parvas
507 860 695 902 manus,
728 843 831 901 sed,
858 843 1011 889 omnia
1037 859 1160 891 vano
1190 855 1403 907 augentes

109 919 276 964 timore
291 953 304 975 ‚
326 917 549 964 exercitus
567 919 617 964 &
640 916 840 980 legiones
861 915 1002 962 adesse
1022 914 1238 973 hostium,
1261 916 1309 961 &
1331 914 1403 960 in-

111 988 227 1036 festo
261 988 437 1052 agmine
463 1004 593 1035 ruere
630 989 685 1034 ad
712 988 897 1045 urbem,
929 986 1194 1034 clamabant.
1235 986 1304 1032 Ab
1336 986 1406 1032 his

111 1061 314 1126 proximi
343 1060 494 1107 audita
525 1060 692 1107 incerta
714 1097 726 1116 ‚
759 1076 910 1123 eoque
941 1060 1162 1117 vaniora,
1200 1058 1314 1106 ferre
1350 1059 1405 1105 ad

75 1166 78 1167 ν
111 1134 239 1180 alios.
279 1131 431 1180 cursus
464 1132 724 1194 clamorque
765 1130 1033 1178 vocantium
1061 1131 1112 1177 ad
1140 1148 1259 1177 arma
1286 1130 1408 1177 haud

114 1206 307 1252 multum
334 1222 358 1251 a
387 1221 560 1267 pavore
581 1216 721 1266 captae
756 1204 876 1250 urbis
900 1203 1056 1251 abesse.
1095 1207 1227 1250 Forte
1255 1204 1309 1250 ab
1331 1203 1409 1249 Al-

115 1280 221 1344 gido
250 1278 489 1339 Quinctius
515 1277 672 1324 consul
709 1276 900 1323 redierat
930 1276 1189 1341 Romam‚(
1206 1277 1250 1323 id
1267 1293 1412 1323 reme-

117 1352 243 1399 dium
261 1351 416 1398 timori
438 1349 523 1397 fuit
542 1349 563 1414 )
587 1349 872 1413 tumultuque
891 1347 1068 1405 sedato,
1092 1349 1239 1396 vifilos
1259 1348 1410 1395 timeri

118 1424 356 1487 increpans
378 1421 556 1481 hoste5‚
578 1422 774 1486 praefidia
798 1421 941 1484 portis
966 1421 1196 1484 imposuit.
1229 1425 1413 1468 Vocato

118 1498 223 1544 dein
255 1497 442 1555 senatu,
469 1513 601 1552 cum,
638 1511 693 1540 ex
727 1494 991 1541 atu-{loritate
1026 1495 1207 1541 Parrum
1239 1493 1414 1555 justitio

120 1571 317 1627 indieto,
339 1568 568 1633 profeEtus
601 1569 655 1614 ad
680 1568 892 1614 tutandos
922 1566 1032 1615 fines
1067 1568 1172 1614 ess'et
1189 1604 1204 1625 ,
1228 1569 1289 1628 Q.
1308 1569 1413 1615 Ser·
1468 1612 1474 1620 ,

123 1645 241 1692 vilio
273 1643 490 1707 praefecto
520 1643 644 1689 urbis
677 1641 863 1701 relicto,
888 1641 1061 1688 hostem
1094 1641 1139 1687 in
1173 1641 1289 1705 agris
1319 1658 1419 1689 non>

122 1717 314 1767 invenit.
339 1717 404 1763 Ab
425 1717 567 1763 altero
590 1714 770 1763 consule
793 1732 860 1762 res
880 1714 994 1779 gesta
1009 1714 1185 1779 egregie
1209 1714 1287 1762 est.
1307 1715 1418 1779 qui,

124 1809 214 1856 qua
237 1802 478 1838 venturum
499 1789 672 1836 hostem
704 1787 890 1845 sciebat,
911 1804 1098 1851 gravem
1127 1788 1278 1850 praeda
1298 1824 1313 1846 ‚
1335 1804 1419 1835 eo-

127 1881 215 1926 que
236 1863 521 1926 impeditiore
539 1861 716 1926 agmine
737 1861 1018 1907 incedentem
1039 1860 1282 1924 aggressus,
1302 1859 1429 1908 fune·-

128 1938 236 1987 ssam
265 1938 305 1984 ei
334 1937 681 2001 populationem
712 1935 833 1983 fecit.
865 1934 1000 1982 Pauci
1024 1935 1218 1981 hostium
1242 1933 1421 1982 evasere

130 2029 186 2058 ex
208 2011 375 2058 insidiis
393 2029 402 2058 ε
427 2012 576 2074 praeda
598 2009 746 2059 omnis
765 2020 942 2071 recepta
963 2008 1039 2054 est.
1066 2007 1124 2055 sic
1148 2006 1281 2054 finem
1301 2007 1424 2067 justi-

128 2084 223 2144 tio,
244 2084 369 2146 quod
400 2083 689 2146 quatriduum
726 2081 840 2138 suit,
866 2079 1033 2126 reditus
1066 2079 1272 2139 Quinffli
1307 2096 1426 2126 con-

133 2157 234 2205 sulis
260 2157 306 2204 in
335 2158 491 2205 urbem
524 2156 642 2204 fecit.
681 2155 853 2203 Census
881 2154 1040 2201 deinde
1062 2155 1209 2211 affixis,
1232 2156 1281 2202 &
1309 2170 1429 2201 con-

133 2230 275 2276 ditum
311 2231 366 2278 ab
403 2229 624 2291 Quinflio
667 2228 867 2275 lustrum.
913 2226 1042 2274 censa
1075 2225 1248 2272 civium
1283 2225 1432 2289 capita

135 2316 319 2351 centum
355 2316 552 2369 quatuor
586 2301 725 2349 millia
762 2303 812 2350 &
848 2302 1041 2348 ducenta
1078 2299 1431 2363 quatuordecim

138 2377 380 2436 dicuntur,
408 2390 570 2441 praeter
599 2377 742 2424 orbos
771 2374 1006 2438 orbasque.
1052 2375 1101 2420 In
1130 2372 1289 2436 AEquis
1317 2372 1433 2419 nihil

137 2449 299 2496 deinde
331 2449 622 2497 memorabile
653 2449 813 2496 aCtum.
850 2447 897 2493 in
930 2445 1098 2509 oppida
1134 2443 1209 2490 sua
1239 2443 1280 2490 se
1306 2461 1434 2491 rece-

138 2537 275 2584 pere,
305 2522 376 2569 uri
407 2521 479 2569 sua
508 2521 809 2586 popularique
841 2517 961 2583 paffi.
996 2515 1206 2575 Consul,
1227 2532 1328 2564 cum
1351 2516 1436 2564 ali-

1009 2594 1059 2638 Μ
1098 2610 1119 2655 3
