1582 2793
295 122 871 171 HisTomARuM
920 126 1052 173 Lm.
1088 128 1187 173 111.
1331 141 1418 189 ¹97

130 233 247 280 Cum
273 235 423 297 primo
444 232 544 296 post
572 230 776 278 Caesonis
798 232 1001 280 exsilium
1026 235 1099 281 lex
1128 247 1280 298 coepta
1310 233 1419 282 ferri

129 310 222 363 est;
247 308 442 355 instructi
461 306 692 369 paratique
712 321 813 352 cum
837 306 1009 370 ingenti
1035 310 1265 356 clientium
1286 326 1419 355 exer-

128 379 223 426 citu
254 380 312 426 sic
346 379 584 435 tribunos,
611 377 687 423 ubi
721 378 916 440 primum
951 378 1269 429 submoventes
1302 398 1418 446 prae·

127 454 266 501 buere
305 453 478 501 causam
504 489 518 509 ,
554 453 700 499 adorti
732 452 832 499 sunt
855 489 870 512 ‚
909 466 960 502 ut
990 471 1126 501 nemo
1158 474 1276 502 unus
1312 457 1418 502 inde

129 527 408 590 praecipuum
449 526 697 589 quidquam
738 526 898 590 gloriae
938 527 1124 572 domum
1170 528 1417 575 invidiaeve

127 599 294 655 ferret;
331 600 454 646 mille
486 617 570 662 pro
605 615 699 645 uno
734 599 947 646 Caesones
985 600 1227 657 exstitisse,
1265 603 1417 664 plebee

126 686 400 738 quereretur.
440 673 598 719 Mediis
626 673 780 719 diebus
798 708 812 731 ,
847 674 1010 736 quibus
1036 674 1208 720 tribuni
1241 676 1295 720 de
1319 676 1418 739 lege

126 765 224 795 non
251 760 460 812 agerent,
497 747 609 793 nihil
633 747 796 793 eisdem
833 748 920 795 illis
940 748 1157 810 placidius
1188 762 1264 797 aut
1285 752 1418 814 quie-

126 822 216 869 tius
240 834 346 868 erat.
376 822 569 884 benigne
589 820 802 877 salutare,
824 822 996 885 alloqui
1020 823 1159 885 plebis
1176 824 1384 871 homines·
1402 863 1416 880 ,

126 896 313 941 domum
333 894 553 951 invitare,
576 892 717 940 adesse
739 894 786 939 in
806 892 914 939 foro
929 930 942 951 ‚
975 894 1181 941 tribunos
1199 895 1318 957 ipsos
1339 913 1417 944 ce·-

124 981 220 1016 tera
249 969 339 1033 pati
372 969 461 1015 fine
484 967 850 1031 interpellatione
872 968 1067 1016 concilia
1088 969 1277 1017 habere:
1301 987 1416 1017 nun-

124 1059 259 1107 quam
292 1041 402 1099 ulli,
442 1056 586 1103 neque
618 1040 829 1103 publice,
862 1057 1008 1105 neque
1043 1041 1285 1106 privatim,
1317 1058 1417 1091 tru-

126 1133 199 1163 ces
231 1115 342 1172 effe,
377 1113 457 1159 nisi
493 1129 597 1160 cum
629 1113 681 1159 de
705 1113 801 1176 lege
820 1112 889 1177 agi
924 1127 1128 1177 coeptum
1159 1114 1279 1163 effer.
1313 1118 1415 1164 Ali-

125 1191 171 1238 bi
204 1188 436 1253 popularis
468 1187 682 1247 juventus
712 1198 819 1235 erat.
869 1204 952 1235 nec
982 1200 1129 1234 cetera
1161 1190 1304 1236 modo
1331 1191 1417 1237 tri-

123 1264 237 1311 buni
256 1262 506 1326 tranquillo
527 1277 769 1325 peregere;
801 1261 872 1308 sed
899 1262 1051 1308 refefili
1072 1278 1256 1326 quoque
1276 1264 1322 1310 in
1341 1265 1417 1311 in-

123 1337 380 1402 sequentem
399 1353 585 1393 annum,
607 1352 662 1382 ne
678 1351 798 1382 voce
816 1336 997 1401 quidem
1012 1336 1320 1394 incommoda,
1338 1355 1417 1385 ne-

122 1413 229 1459 dum
249 1424 298 1458 ut
322 1411 413 1458 ulla
432 1411 505 1458 vis
524 1409 650 1457 fieret
665 1445 679 1466 ‚
700 1411 911 1474 paulatim
943 1410 1266 1474 permulcendo
1291 1424 1415 1460 trac-

122 1485 355 1549 tandoque
387 1482 771 1530 mansuefecerant
804 1484 997 1546 plebem.
1035 1483 1115 1530 His
1154 1500 1234 1547 per
1262 1495 1413 1534 totum

120 1575 289 1607 annum
316 1557 484 1605 artibus
516 1557 590 1603 lex
619 1556 738 1604 elusa
766 1557 843 1604 est.

188 1632 294 1678 XV.
330 1631 575 1694 Accipiunt
610 1630 840 1677 civitatem
877 1632 1174 1695 placidiorem
1207 1635 1414 1682 confulee

122 1707 178 1754 C.
208 1706 426 1753 Claudius
446 1742 460 1764 ,
485 1704 620 1768 Appii
650 1704 798 1763 filius,
825 1709 874 1754 &
896 1709 942 1754 Ρ.
964 1708 1170 1755 Valerius
1193 1711 1412 1758 Publico-

121 1780 177 1826 la.
223 1778 347 1825 Nihil
381 1779 495 1825 novi
520 1793 674 1824 novus
701 1795 842 1825 annus
867 1781 1086 1828 attulerat.
1119 1782 1225 1846 legis
1260 1781 1413 1830 feren-

119 1853 189 1899 dae
220 1863 296 1899 aut
323 1851 597 1914 accipiendae
619 1867 723 1898 cura
752 1851 986 1899 civitatem
1017 1855 1210 1902 tenebat.
1243 1857 1411 1916 Quan-

118 1940 216 1975 tum
246 1926 451 1989 juniores
486 1926 666 1972 Parrum
698 1925 821 1989 plebi
848 1926 891 1973 se
926 1929 1064 1993 magis
1097 1929 1417 1990 insinuabant‚·

118 2017 178 2048 eo
216 1999 361 2048 acrius
395 2011 556 2045 contra
588 1996 761 2044 tribuni
800 1999 1072 2057 tendebant,
1100 2014 1150 2048 ut
1178 2001 1299 2064 plebi
1335 2001 1410 2048 su-

114 2072 290 2137 ,spet‘Jos
310 2087 390 2117 eos
413 2069 696 2117 criminando
714 2069 926 2120 facerent.
952 2074 1291 2128 conjurationem
1302 2075 1408 2134 sac-

121 2163 206 2192 tam
229 2182 242 2201 ‚
275 2146 478 2206 Caesbtzem
508 2147 656 2191 Romae
679 2143 781 2209 effi:
817 2149 1185 2207 inteficiemlorum
1218 2153 1407 2196 tribuno-

119 2238 237 2274 rum,
269 2222 526 2264 trucidandae
545 2222 680 2280 plebis
710 2221 886 2285 consilia
905 2225 1029 2269 inita.
1061 2225 1121 2269 Id
1142 2227 1297 2285 negotii
1329 2226 1407 2275 da·

118 2310 206 2339 tum
244 2294 297 2337 ab
317 2293 555 2352 fitu'Oribus
589 2296 763 2340 Patrum
781 2330 795 2352 ‚
826 2312 874 2341 ut
897 2296 1099 2355 juventus
1131 2299 1406 2346 tribuniciam

1 2396 29 2424 5
111 2365 344 2431 potestatem
380 2383 399 2410 e
429 2368 632 2427 republica
663 2372 816 2415 tolleret
832 2404 847 2427 ‚
872 2369 1095 2430 formaque
1127 2372 1266 2415 eadem
1300 2374 1407 2415 civi·

117 2440 217 2486 tacis
232 2435 322 2504 efflet
335 2472 349 2497 ,
374 2457 461 2502 quae
483 2457 578 2488 cmte
596 2444 772 2490 Sacrum
791 2458 970 2490 montem
994 2458 1233 2500 occupatum
1247 2441 1406 2500 fimat.

1013 2506 1117 2570 N3
