1582 2793
311 172 905 220 HISTORIARUM
960 176 1089 222 [113.
1134 178 1192 225 Η.
1298 180 1380 226 161

101 282 265 330 serunt.
301 284 419 330 Cum
444 284 493 328 ὃς
517 282 665 327 Patres
691 281 808 326 haud
836 282 1010 337 minus,
1030 303 1161 347 quam
1184 304 1266 349 pro
1289 290 1388 337 Co-

101 355 283 401 riolano
296 390 310 412 ‚
328 353 467 400 annisi
481 351 641 408 efi'ent,
661 354 709 399 δέ
730 352 865 413 patris
887 355 1097 416 Agrippae
1116 358 1250 404 favor
1268 361 1387 409 haud

100 427 208 473 dum
224 425 514 479 exoleviss'et3
535 425 582 470 in
597 425 737 470 multa
755 439 1060 487 temperarunt
1080 429 1262 478 tribuni.
1283 451 1387 479 cum

101 500 259 563 capitis
282 498 565 561 anquififfent
581 534 594 556 ‚
624 498 715 544 duo
735 498 876 544 millia
898 497 996 544 acris
1025 498 1236 547 damnato
1267 507 1388 551 mul-

102 584 192 620 tarn
214 573 438 618 dixerunt.
473 589 523 618 ea
544 572 589 616 in
612 584 744 633 caput
768 571 919 619 vertit.
953 572 1128 635 Negant
1161 577 1301 623 tulisse
1323 579 1390 642 ig-

101 643 354 691 nominiam
376 643 799 706 aegritudinemque:
823 644 925 689 inde
947 645 1112 689 morbo
1136 646 1388 696 abiinntiim

99 717 199 766 effe.
240 718 364 764 Aiius
394 718 554 763 deinde
584 733 684 763 reus
711 718 784 778 Sp.
805 716 1044 775 Servilius,
1073 729 1122 763 ut
1150 721 1389 768 consulatu

101 791 245 848 abiit,
277 791 331 836 C.
353 791 522 836 Nautio
549 793 598 838 &
631 792 678 836 P.
711 790 896 836 Valeri0
932 789 1221 851 consulibus,
1253 793 1390 840 initio

100 864 245 910 statim
265 863 369 910 anni
388 899 401 921 ‚
423 864 479 909 ab
502 865 551 910 L.
568 863 772 910 Caedicio
796 864 845 910 δε
865 865 921 910 T.
941 863 1084 909 Statio
1106 864 1296 911 tribunis
1317 867 1390 913 die

101 937 216 983 diffta
228 971 242 993 ‚
259 951 354 982 non
370 970 383 992 ,
401 947 451 981 ut
471 936 735 990 Menenius,
757 936 964 996 precibus
983 935 1069 982 suis
1086 948 1160 983 aut
1180 938 1358 985 Parrum
1370 975 1390 998 ,

101 1008 175 1056 sed
193 1025 296 1056 cum
319 1007 457 1054 multa
479 1005 639 1052 fiducia
657 1005 932 1052 innocentiae
952 1007 1192 1072 gratiaeque
1210 1046 1223 1067 ,
1246 1011 1393 1056 tribu-

100 1082 249 1129 nicios
278 1082 469 1142 impetus
499 1079 616 1124 tulit.
655 1079 709 1123 Et
729 1077 836 1124 huic
863 1080 1076 1140 proelium
1107 1095 1209 1125 cum
1230 1080 1392 1129 Tuscis

101 1155 159 1202 ad
187 1151 438 1201 Janiculum
465 1161 559 1195 erat
589 1148 781 1196 crimini.
819 1148 892 1194 sed
920 1148 1083 1196 fervidi
1115 1151 1252 1197 animi
1286 1153 1392 1212 vir,

103 1237 155 1273 ut
181 1225 227 1271 in
247 1223 431 1287 publico
462 1222 669 1286 periculo
691 1236 821 1281 ante,
852 1222 910 1269 fic
946 1239 1042 1270 tum
1073 1223 1122 1270 in
1152 1223 1260 1283 suo,
1292 1242 1391 1273 non

102 1297 312 1345 tribunos
346 1296 487 1343 modo
508 1331 521 1354 ‚
551 1293 624 1341 sed
653 1295 859 1357 plebem,
894 1295 1104 1342 oratione
1136 1295 1281 1344 feroci
1318 1315 1392 1344 re-

101 1369 293 1417 futando
314 1405 328 1428 ,
359 1367 770 1432 exprobrandoque
803 1367 858 1412 T.
893 1368 1095 1413 Menenii
1134 1369 1391 1415 damnatio-

96 1462 207 1493 nem
243 1456 528 1507 mortemque
546 1478 559 1501 ,
602 1440 764 1507 (cujus
798 1441 933 1505 patris
969 1460 1154 1490 munere
1189 1443 1392 1490 restituta

102 1520 337 1584 quondam
365 1519 490 1582 plebs
517 1535 594 1565 eos
611 1517 753 1580 ipsos,
773 1517 936 1581 quibus
955 1529 1053 1564 tum
1071 1516 1272 1575 saeviret,
1293 1533 1392 1563 ma-

102 1594 308 1658 gistratus
323 1629 336 1651 ‚
354 1609 425 1639 eas
445 1592 562 1654 leges
585 1587 800 1653 haberet)
822 1590 1071 1652 periculum
1100 1591 1282 1637 audacia
1303 1589 1392 1636 dis-

107 1667 252 1714 cuffit.
295 1665 415 1727 juvit
448 1666 496 1712 &
530 1663 761 1726 Virginius
797 1662 970 1726 collega
985 1700 1000 1719 ,
1036 1662 1155 1709 testis
1191 1664 1391 1725 produc·-

105 1752 212 1798 tus,
243 1738 557 1802 participando
591 1736 765 1784 laudes:
796 1736 934 1800 magis
971 1748 1123 1782 tamen
1156 1737 1391 1782 Menenia-

106 1830 218 1860 num
239 1811 383 1875 (adeo
399 1822 686 1857 mutaverant
702 1808 935 1872 animum)
965 1807 1139 1872 profuit
1160 1807 1393 1867 iudicium.

170 1885 278 1930 LllI.
297 1882 552 1929 Certamina
571 1881 698 1927 domi
718 1879 854 1928 finita.
883 1880 1047 1942 Vejens
1069 1880 1236 1927 bellum
1258 1897 1393 1927 exor-

107 1966 234 2010 tum3
269 1953 443 2017 quibus.
458 1952 608 1999 Sabini
644 1969 763 1999 arma
800 1951 1148 2012 conjunxerant.
1183 1952 1232 1999 P.
1248 1938 1393 1999 ‘'Vale-

106 2028 200 2075 rius
219 2025 563 2085 consul,accitis
576 2026 837 2072 Latinorum
855 2025 1249 2088 Hernicorumque
1266 2025 1392 2071 auxi-

105 2101 179 2148 liis
192 2137 206 2160 ,
225 2117 326 2147 cum
347 2099 547 2146 exercitu
567 2097 708 2159 Vejos
728 2098 876 2145 miffus
892 2134 906 2157 ‚
934 2096 1071 2145 castra
1085 2098 1270 2156 Sabina,
1292 2116 1395 2162 quae

109 2191 194 2237 pro
214 2172 442 2220 moenibus
465 2172 696 2220 sociorum
716 2172 864 2220 locata
885 2186 1011 2219 erant
1026 2208 1040 2228 ,
1059 2172 1294 2219 confestim
1315 2191 1396 2236 ag·

109 2247 328 2311 greditur3
347 2259 605 2309 tantamque
623 2246 970 2308 trepidationem
991 2245 1170 2303 injecit,
1193 2260 1267 2302 ut,
1289 2248 1396 2293 dum

110 2317 288 2380 disperfi
317 2317 392 2364 alii
424 2318 509 2364 alia
536 2317 847 2380 manipulatim
878 2331 1128 2363 excurrunt
1158 2319 1211 2364 ad
1241 2334 1401 2364 arcen-

112 2393 214 2438 dam
233 2391 427 2438 hostium
448 2390 569 2450 vim,
604 2407 654 2436 ea
679 2401 809 2452 porta
824 2425 839 2445 ,
870 2389 945 2434 cui
975 2388 1093 2449 figna
1114 2390 1309 2450 primum
1330 2388 1399 2434 in-

111 2463 306 2523 tulerat,
327 2476 574 2527 caperetur.
611 2463 727 2512 intra
747 2462 917 2514 val-lum
944 2462 1103 2509 deinde
1134 2464 1275 2508 caedes
1304 2480 1401 2508 nm·-

180 2540 234 2586 T.
255 2542 351 2587 Liv.
377 2542 473 2587 Vol.
501 2542 539 2589 I.
1058 2540 1087 2583 1.
