<?xml version="1.0" encoding="UTF-8"?>
<!DOCTYPE html PUBLIC "-//W3C//DTD XHTML 1.0 Transitional//EN"
    "http://www.w3.org/TR/xhtml1/DTD/xhtml1-transitional.dtd">
<html xmlns="http://www.w3.org/1999/xhtml" xml:lang="en" lang="en">
 <head>
  <title>
</title>
<meta http-equiv="Content-Type" content="text/html;charset=utf-8" />
  <meta name='ocr-system' content='tesseract 3.04.00' />
  <meta name='ocr-capabilities' content='ocr_page ocr_carea ocr_par ocr_line ocrx_word'/>
</head>
<body>
  <div class='ocr_page' id='page_1' title='image "./historiarumlibri01livyuoft_0338.png"; bbox 0 0 1582 2793; ppageno 0'>
   <div class='ocr_carea' id='block_1_1' title="bbox 189 167 1100 232">
    <p class='ocr_par' dir='ltr' id='par_1_1' title="bbox 189 167 1100 232">
     <span class='ocr_line' id='line_1_1' title="bbox 189 167 1100 232; baseline -0.001 -15"><span class='ocrx_word' id='word_1_1' title='bbox 189 184 282 232; x_wconf 75' lang='lat'><strong>174</strong></span> <span class='ocrx_word' id='word_1_2' title='bbox 538 167 1100 216; x_wconf 72' lang='lat' dir='ltr'><strong>TITILIVII</strong></span> 
     </span>
    </p>
   </div>
   <div class='ocr_carea' id='block_1_2' title="bbox 180 274 1483 2541">
    <p class='ocr_par' dir='ltr' id='par_1_2' title="bbox 180 274 1483 2541">
     <span class='ocr_line' id='line_1_2' title="bbox 181 274 1477 342; baseline -0.001 -17"><span class='ocrx_word' id='word_1_3' title='bbox 181 291 316 325; x_wconf 81' lang='lat' dir='ltr'><strong>terno</strong></span> <span class='ocrx_word' id='word_1_4' title='bbox 334 274 587 340; x_wconf 78' lang='lat' dir='ltr'><strong>tranquilla.</strong></span> <span class='ocrx_word' id='word_1_5' title='bbox 622 275 802 335; x_wconf 74' lang='lat' dir='ltr'><strong>Sabini,</strong></span> <span class='ocrx_word' id='word_1_6' title='bbox 822 278 1142 324; x_wconf 84' lang='lat' dir='ltr'><strong>Crustuminos</strong></span> <span class='ocrx_word' id='word_1_7' title='bbox 1165 292 1347 342; x_wconf 81' lang='lat' dir='ltr'><strong>campos</strong></span> <span class='ocrx_word' id='word_1_8' title='bbox 1368 275 1477 326; x_wconf 62' lang='lat' dir='ltr'><strong>cita-</strong></span> 
     </span>
     <span class='ocr_line' id='line_1_3' title="bbox 182 350 1478 415; baseline -0.001 -16"><span class='ocrx_word' id='word_1_9' title='bbox 182 363 235 399; x_wconf 77' lang='lat' dir='ltr'><strong>to</strong></span> <span class='ocrx_word' id='word_1_10' title='bbox 255 351 431 415; x_wconf 76' lang='lat' dir='ltr'><strong>agmine</strong></span> <span class='ocrx_word' id='word_1_11' title='bbox 449 350 714 414; x_wconf 63' lang='lat' dir='ltr'><strong>transgressi,</strong></span> <span class='ocrx_word' id='word_1_12' title='bbox 731 368 832 398; x_wconf 86' lang='lat' dir='ltr'><strong>cum</strong></span> <span class='ocrx_word' id='word_1_13' title='bbox 853 353 995 399; x_wconf 75' lang='lat' dir='ltr'><strong>caedes</strong></span> <span class='ocrx_word' id='word_1_14' title='bbox 1012 352 1286 399; x_wconf 80' lang='lat' dir='ltr'><strong>&amp;incendia</strong></span> <span class='ocrx_word' id='word_1_15' title='bbox 1305 352 1478 399; x_wconf 82' lang='lat' dir='ltr'><strong>circum</strong></span> 
     </span>
     <span class='ocr_line' id='line_1_4' title="bbox 183 423 1478 488; baseline 0 -16"><span class='ocrx_word' id='word_1_16' title='bbox 183 427 409 473; x_wconf 78' lang='lat' dir='ltr'><strong>‚Anienem</strong></span> <span class='ocrx_word' id='word_1_17' title='bbox 441 424 612 471; x_wconf 87' lang='lat' dir='ltr'><strong>flumen</strong></span> <span class='ocrx_word' id='word_1_18' title='bbox 644 423 874 482; x_wconf 71' lang='lat' dir='ltr'>fecissent,</span> <span class='ocrx_word' id='word_1_19' title='bbox 904 442 928 471; x_wconf 87' lang='lat' dir='ltr'>a</span> <span class='ocrx_word' id='word_1_20' title='bbox 956 441 1093 488; x_wconf 78' lang='lat' dir='ltr'><strong>porta</strong></span> <span class='ocrx_word' id='word_1_21' title='bbox 1125 442 1269 488; x_wconf 81' lang='lat' dir='ltr'><strong>prope</strong></span> <span class='ocrx_word' id='word_1_22' title='bbox 1292 423 1478 472; x_wconf 77' lang='lat' dir='ltr'>Collina</span> 
     </span>
     <span class='ocr_line' id='line_1_5' title="bbox 182 496 1480 560; baseline -0.002 -14"><span class='ocrx_word' id='word_1_23' title='bbox 182 496 501 560; x_wconf 74' lang='lat' dir='ltr'>moenibusque</span> <span class='ocrx_word' id='word_1_24' title='bbox 519 497 648 560; x_wconf 80' lang='lat' dir='ltr'><strong>pulsi,</strong></span> <span class='ocrx_word' id='word_1_25' title='bbox 663 497 864 560; x_wconf 81' lang='lat' dir='ltr'><strong>ingentes</strong></span> <span class='ocrx_word' id='word_1_26' title='bbox 884 508 1032 543; x_wconf 77' lang='lat' dir='ltr'><strong>tamen</strong></span> <span class='ocrx_word' id='word_1_27' title='bbox 1051 499 1220 560; x_wconf 82' lang='lat' dir='ltr'><strong>praedas</strong></span> <span class='ocrx_word' id='word_1_28' title='bbox 1237 497 1480 544; x_wconf 85' lang='lat' dir='ltr'><strong>hominum</strong></span> 
     </span>
     <span class='ocr_line' id='line_1_6' title="bbox 180 570 1479 637; baseline -0.002 -18"><span class='ocrx_word' id='word_1_29' title='bbox 180 589 495 637; x_wconf 80' lang='lat' dir='ltr'><strong>pecorumque</strong></span> <span class='ocrx_word' id='word_1_30' title='bbox 538 588 680 634; x_wconf 73' lang='lat' dir='ltr'><strong>egere,</strong></span> <span class='ocrx_word' id='word_1_31' title='bbox 723 588 838 634; x_wconf 85' lang='lat' dir='ltr'><strong>quos</strong></span> <span class='ocrx_word' id='word_1_32' title='bbox 869 572 1085 620; x_wconf 74' lang='lat' dir='ltr'><strong>Servilius</strong></span> <span class='ocrx_word' id='word_1_33' title='bbox 1115 572 1274 620; x_wconf 88' lang='lat' dir='ltr'><strong>consul</strong></span> <span class='ocrx_word' id='word_1_34' title='bbox 1314 570 1479 618; x_wconf 84' lang='lat' dir='ltr'><strong>infesto</strong></span> 
     </span>
     <span class='ocr_line' id='line_1_7' title="bbox 183 642 1480 710; baseline -0.003 -17"><span class='ocrx_word' id='word_1_35' title='bbox 183 646 390 694; x_wconf 74' lang='lat' dir='ltr'><strong>exercitu</strong></span> <span class='ocrx_word' id='word_1_36' title='bbox 418 644 669 701; x_wconf 85' lang='lat' dir='ltr'><strong>insecutus,</strong></span> <span class='ocrx_word' id='word_1_37' title='bbox 701 642 849 705; x_wconf 89' lang='lat' dir='ltr'><strong>ipsum</strong></span> <span class='ocrx_word' id='word_1_38' title='bbox 883 643 1065 707; x_wconf 77' lang='lat' dir='ltr'><strong>quidem</strong></span> <span class='ocrx_word' id='word_1_39' title='bbox 1100 662 1260 710; x_wconf 78' lang='lat' dir='ltr'><strong>agmen</strong></span> <span class='ocrx_word' id='word_1_40' title='bbox 1294 643 1480 707; x_wconf 76' lang='lat' dir='ltr'>adipisci</span> 
     </span>
     <span class='ocr_line' id='line_1_8' title="bbox 183 715 1481 782; baseline -0.001 -18"><span class='ocrx_word' id='word_1_41' title='bbox 183 718 327 782; x_wconf 69' lang='lat' dir='ltr'><strong>aequis</strong></span> <span class='ocrx_word' id='word_1_42' title='bbox 355 716 468 764; x_wconf 82' lang='lat' dir='ltr'><strong>locis</strong></span> <span class='ocrx_word' id='word_1_43' title='bbox 492 732 588 761; x_wconf 91' lang='lat' dir='ltr'><strong>non</strong></span> <span class='ocrx_word' id='word_1_44' title='bbox 617 715 797 777; x_wconf 82' lang='lat' dir='ltr'><strong>potuit3</strong></span> <span class='ocrx_word' id='word_1_45' title='bbox 826 716 1174 779; x_wconf 76' lang='lat' dir='ltr'><strong>populationem</strong></span> <span class='ocrx_word' id='word_1_46' title='bbox 1200 718 1313 763; x_wconf 83' lang='lat' dir='ltr'><strong>adeo</strong></span> <span class='ocrx_word' id='word_1_47' title='bbox 1345 715 1481 764; x_wconf 85' lang='lat' dir='ltr'><strong>effuse</strong></span> 
     </span>
     <span class='ocr_line' id='line_1_9' title="bbox 185 788 1482 853; baseline -0.002 -15"><span class='ocrx_word' id='word_1_48' title='bbox 185 791 324 849; x_wconf 82' lang='lat' dir='ltr'><strong>fecit,</strong></span> <span class='ocrx_word' id='word_1_49' title='bbox 357 803 407 837; x_wconf 82' lang='lat' dir='ltr'><strong>ut</strong></span> <span class='ocrx_word' id='word_1_50' title='bbox 440 788 552 834; x_wconf 78' lang='lat' dir='ltr'><strong>nihil</strong></span> <span class='ocrx_word' id='word_1_51' title='bbox 590 788 712 835; x_wconf 85' lang='lat' dir='ltr'><strong>bello</strong></span> <span class='ocrx_word' id='word_1_52' title='bbox 746 788 960 835; x_wconf 62' lang='lat' dir='ltr'><strong>intactum</strong></span> <span class='ocrx_word' id='word_1_53' title='bbox 989 789 1290 853; x_wconf 86' lang='lat' dir='ltr'><strong>relinqueret,</strong></span> <span class='ocrx_word' id='word_1_54' title='bbox 1323 789 1482 836; x_wconf 85' lang='lat' dir='ltr'><strong>multi-</strong></span> 
     </span>
     <span class='ocr_line' id='line_1_10' title="bbox 184 863 1481 929; baseline -0.001 -19"><span class='ocrx_word' id='word_1_55' title='bbox 184 865 384 929; x_wconf 77' lang='lat' dir='ltr'><strong>plicique</strong></span> <span class='ocrx_word' id='word_1_56' title='bbox 418 874 546 925; x_wconf 77' lang='lat' dir='ltr'><strong>capta</strong></span> <span class='ocrx_word' id='word_1_57' title='bbox 580 863 725 925; x_wconf 81' lang='lat' dir='ltr'><strong>praeda</strong></span> <span class='ocrx_word' id='word_1_58' title='bbox 752 863 929 910; x_wconf 87' lang='lat' dir='ltr'><strong>rediret.</strong></span> <span class='ocrx_word' id='word_1_59' title='bbox 972 866 1028 910; x_wconf 88' lang='lat' dir='ltr'><strong>Et</strong></span> <span class='ocrx_word' id='word_1_60' title='bbox 1051 864 1099 910; x_wconf 91' lang='lat' dir='ltr'><strong>in</strong></span> <span class='ocrx_word' id='word_1_61' title='bbox 1126 863 1306 911; x_wconf 86' lang='lat' dir='ltr'><strong>Volscis</strong></span> <span class='ocrx_word' id='word_1_62' title='bbox 1332 864 1481 927; x_wconf 79' lang='lat' dir='ltr'><strong>respu-</strong></span> 
     </span>
     <span class='ocr_line' id='line_1_11' title="bbox 183 935 1480 1000; baseline 0 -16"><span class='ocrx_word' id='word_1_63' title='bbox 183 938 303 984; x_wconf 82' lang='lat' dir='ltr'>blica</span> <span class='ocrx_word' id='word_1_64' title='bbox 325 936 500 1000; x_wconf 81' lang='lat' dir='ltr'><strong>egregie</strong></span> <span class='ocrx_word' id='word_1_65' title='bbox 522 935 637 999; x_wconf 83' lang='lat' dir='ltr'><strong>gesta</strong></span> <span class='ocrx_word' id='word_1_66' title='bbox 653 972 667 992; x_wconf 89' lang='lat'>‚</span> <span class='ocrx_word' id='word_1_67' title='bbox 689 952 791 982; x_wconf 86' lang='lat' dir='ltr'><strong>cum</strong></span> <span class='ocrx_word' id='word_1_68' title='bbox 816 936 966 995; x_wconf 84' lang='lat' dir='ltr'><strong>ducis,</strong></span> <span class='ocrx_word' id='word_1_69' title='bbox 988 948 1085 983; x_wconf 85' lang='lat' dir='ltr'><strong>tum</strong></span> <span class='ocrx_word' id='word_1_70' title='bbox 1109 937 1304 984; x_wconf 88' lang='lat' dir='ltr'><strong>militum</strong></span> <span class='ocrx_word' id='word_1_71' title='bbox 1324 953 1480 1000; x_wconf 81' lang='lat' dir='ltr'><strong>opera.</strong></span> 
     </span>
     <span class='ocr_line' id='line_1_12' title="bbox 186 1009 1482 1075; baseline -0.001 -18"><span class='ocrx_word' id='word_1_72' title='bbox 186 1011 385 1057; x_wconf 80' lang='lat' dir='ltr'><strong>Primum</strong></span> <span class='ocrx_word' id='word_1_73' title='bbox 415 1026 547 1072; x_wconf 79' lang='lat' dir='ltr'><strong>aequo</strong></span> <span class='ocrx_word' id='word_1_74' title='bbox 570 1026 732 1072; x_wconf 79' lang='lat' dir='ltr'><strong>campo</strong></span> <span class='ocrx_word' id='word_1_75' title='bbox 756 1009 890 1074; x_wconf 81' lang='lat' dir='ltr'><strong>signis</strong></span> <span class='ocrx_word' id='word_1_76' title='bbox 922 1011 1094 1058; x_wconf 80' lang='lat' dir='ltr'><strong>collatis</strong></span> <span class='ocrx_word' id='word_1_77' title='bbox 1120 1023 1394 1075; x_wconf 86' lang='lat' dir='ltr'><strong>pugnatum,</strong></span> <span class='ocrx_word' id='word_1_78' title='bbox 1413 1010 1482 1056; x_wconf 85' lang='lat' dir='ltr'><strong>in-</strong></span> 
     </span>
     <span class='ocr_line' id='line_1_13' title="bbox 187 1082 1481 1150; baseline -0.002 -20"><span class='ocrx_word' id='word_1_79' title='bbox 187 1084 311 1150; x_wconf 69' lang='lat' dir='ltr'><strong>genti</strong></span> <span class='ocrx_word' id='word_1_80' title='bbox 331 1084 451 1131; x_wconf 84' lang='lat' dir='ltr'><strong>caede</strong></span> <span class='ocrx_word' id='word_1_81' title='bbox 479 1083 718 1146; x_wconf 82' lang='lat' dir='ltr'><strong>utrinque,</strong></span> <span class='ocrx_word' id='word_1_82' title='bbox 740 1082 938 1144; x_wconf 89' lang='lat' dir='ltr'><strong>plurimo</strong></span> <span class='ocrx_word' id='word_1_83' title='bbox 969 1082 1195 1145; x_wconf 77' lang='lat' dir='ltr'><strong>sanguine.</strong></span> <span class='ocrx_word' id='word_1_84' title='bbox 1231 1085 1281 1130; x_wconf 86' lang='lat'>&amp;</span> <span class='ocrx_word' id='word_1_85' title='bbox 1314 1083 1481 1129; x_wconf 84' lang='lat' dir='ltr'><strong>Roma·</strong></span> 
     </span>
     <span class='ocr_line' id='line_1_14' title="bbox 187 1154 1482 1221; baseline -0.004 -15"><span class='ocrx_word' id='word_1_86' title='bbox 187 1159 261 1216; x_wconf 87' lang='lat' dir='ltr'><strong>ni,</strong></span> <span class='ocrx_word' id='word_1_87' title='bbox 293 1158 398 1221; x_wconf 82' lang='lat' dir='ltr'><strong>quia</strong></span> <span class='ocrx_word' id='word_1_88' title='bbox 427 1156 624 1219; x_wconf 74' lang='lat' dir='ltr'><strong>paucitas</strong></span> <span class='ocrx_word' id='word_1_89' title='bbox 660 1155 827 1201; x_wconf 79' lang='lat' dir='ltr'><strong>damno</strong></span> <span class='ocrx_word' id='word_1_90' title='bbox 859 1154 1093 1203; x_wconf 84' lang='lat' dir='ltr'><strong>sentiendo</strong></span> <span class='ocrx_word' id='word_1_91' title='bbox 1124 1155 1317 1219; x_wconf 85' lang='lat' dir='ltr'><strong>propior</strong></span> <span class='ocrx_word' id='word_1_92' title='bbox 1353 1169 1482 1211; x_wconf 82' lang='lat' dir='ltr'><strong>erat,</strong></span> 
     </span>
     <span class='ocr_line' id='line_1_15' title="bbox 188 1228 1482 1297; baseline -0.002 -18"><span class='ocrx_word' id='word_1_93' title='bbox 188 1233 373 1297; x_wconf 78' lang='lat' dir='ltr'><strong>gradum</strong></span> <span class='ocrx_word' id='word_1_94' title='bbox 393 1230 666 1286; x_wconf 75' lang='lat' dir='ltr'><strong>retulifi&#39;ent3</strong></span> <span class='ocrx_word' id='word_1_95' title='bbox 692 1230 739 1276; x_wconf 91' lang='lat' dir='ltr'><strong>ni</strong></span> <span class='ocrx_word' id='word_1_96' title='bbox 759 1228 919 1276; x_wconf 79' lang='lat' dir='ltr'><strong>salubri</strong></span> <span class='ocrx_word' id='word_1_97' title='bbox 941 1231 1179 1278; x_wconf 76' lang='lat' dir='ltr'><strong>mendacio</strong></span> <span class='ocrx_word' id='word_1_98' title='bbox 1201 1230 1387 1289; x_wconf 81' lang='lat' dir='ltr'><strong>consul,</strong></span> <span class='ocrx_word' id='word_1_99' title='bbox 1409 1229 1482 1276; x_wconf 78' lang='lat' dir='ltr'><strong>fu·-</strong></span> 
     </span>
     <span class='ocr_line' id='line_1_16' title="bbox 187 1303 1482 1372; baseline -0.003 -19"><span class='ocrx_word' id='word_1_100' title='bbox 187 1324 290 1372; x_wconf 75' lang='lat' dir='ltr'><strong>gere</strong></span> <span class='ocrx_word' id='word_1_101' title='bbox 320 1306 467 1352; x_wconf 81' lang='lat' dir='ltr'><strong>hostes</strong></span> <span class='ocrx_word' id='word_1_102' title='bbox 495 1306 550 1352; x_wconf 81' lang='lat' dir='ltr'><strong>ab</strong></span> <span class='ocrx_word' id='word_1_103' title='bbox 579 1322 725 1352; x_wconf 85' lang='lat' dir='ltr'><strong>cornu</strong></span> <span class='ocrx_word' id='word_1_104' title='bbox 750 1305 894 1352; x_wconf 77' lang='lat' dir='ltr'><strong>altero</strong></span> <span class='ocrx_word' id='word_1_105' title='bbox 926 1305 1158 1351; x_wconf 74' lang='lat' dir='ltr'><strong>clamitans</strong></span> <span class='ocrx_word' id='word_1_106' title='bbox 1176 1340 1190 1362; x_wconf 86' lang='lat'>,</span> <span class='ocrx_word' id='word_1_107' title='bbox 1217 1303 1482 1351; x_wconf 70' lang='lat' dir='ltr'><strong>concitasset</strong></span> 
     </span>
     <span class='ocr_line' id='line_1_17' title="bbox 186 1377 1480 1441; baseline -0.002 -15"><span class='ocrx_word' id='word_1_108' title='bbox 186 1381 341 1427; x_wconf 77' lang='lat' dir='ltr'><strong>aciem.</strong></span> <span class='ocrx_word' id='word_1_109' title='bbox 367 1379 539 1441; x_wconf 87' lang='lat' dir='ltr'><strong>impetu</strong></span> <span class='ocrx_word' id='word_1_110' title='bbox 560 1377 701 1437; x_wconf 52' lang='lat' dir='ltr'><strong>failo,</strong></span> <span class='ocrx_word' id='word_1_111' title='bbox 722 1378 825 1424; x_wconf 87' lang='lat' dir='ltr'><strong>dum</strong></span> <span class='ocrx_word' id='word_1_112' title='bbox 845 1377 887 1423; x_wconf 86' lang='lat' dir='ltr'><strong>se</strong></span> <span class='ocrx_word' id='word_1_113' title='bbox 905 1390 1061 1440; x_wconf 66' lang='lat' dir='ltr'><strong>putant</strong></span> <span class='ocrx_word' id='word_1_114' title='bbox 1081 1378 1290 1436; x_wconf 89' lang='lat' dir='ltr'><strong>vincere,</strong></span> <span class='ocrx_word' id='word_1_115' title='bbox 1311 1377 1480 1424; x_wconf 87' lang='lat' dir='ltr'><strong>vicere.</strong></span> 
     </span>
     <span class='ocr_line' id='line_1_18' title="bbox 185 1451 1480 1512; baseline -0.003 -10"><span class='ocrx_word' id='word_1_116' title='bbox 185 1453 388 1512; x_wconf 79' lang='lat' dir='ltr'><strong>Consul,</strong></span> <span class='ocrx_word' id='word_1_117' title='bbox 410 1468 612 1500; x_wconf 89' lang='lat' dir='ltr'><strong>metuens</strong></span> <span class='ocrx_word' id='word_1_118' title='bbox 635 1470 691 1499; x_wconf 87' lang='lat' dir='ltr'><strong>ne</strong></span> <span class='ocrx_word' id='word_1_119' title='bbox 719 1452 852 1499; x_wconf 87' lang='lat' dir='ltr'><strong>nimis</strong></span> <span class='ocrx_word' id='word_1_120' title='bbox 874 1452 1083 1499; x_wconf 80' lang='lat' dir='ltr'><strong>instando</strong></span> <span class='ocrx_word' id='word_1_121' title='bbox 1114 1451 1360 1500; x_wconf 83' lang='lat' dir='ltr'><strong>renovaret</strong></span> <span class='ocrx_word' id='word_1_122' title='bbox 1380 1468 1480 1499; x_wconf 82' lang='lat' dir='ltr'><strong>cer·-</strong></span> 
     </span>
     <span class='ocr_line' id='line_1_19' title="bbox 187 1523 1480 1590; baseline -0.004 -15"><span class='ocrx_word' id='word_1_123' title='bbox 187 1540 372 1584; x_wconf 78' lang='lat' dir='ltr'><strong>tamen,</strong></span> <span class='ocrx_word' id='word_1_124' title='bbox 402 1526 574 1590; x_wconf 77' lang='lat' dir='ltr'><strong>signum</strong></span> <span class='ocrx_word' id='word_1_125' title='bbox 608 1525 809 1589; x_wconf 88' lang='lat' dir='ltr'><strong>receptui</strong></span> <span class='ocrx_word' id='word_1_126' title='bbox 845 1524 979 1573; x_wconf 84' lang='lat' dir='ltr'><strong>dedit.</strong></span> <span class='ocrx_word' id='word_1_127' title='bbox 1029 1525 1314 1572; x_wconf 85' lang='lat' dir='ltr'><strong>Interceffere</strong></span> <span class='ocrx_word' id='word_1_128' title='bbox 1346 1523 1480 1587; x_wconf 85' lang='lat' dir='ltr'><strong>pauci</strong></span> 
     </span>
     <span class='ocr_line' id='line_1_20' title="bbox 189 1597 1477 1662; baseline -0.002 -16"><span class='ocrx_word' id='word_1_129' title='bbox 189 1600 308 1657; x_wconf 80' lang='lat' dir='ltr'><strong>(lies,</strong></span> <span class='ocrx_word' id='word_1_130' title='bbox 328 1598 455 1646; x_wconf 87' lang='lat' dir='ltr'><strong>velut</strong></span> <span class='ocrx_word' id='word_1_131' title='bbox 487 1597 635 1645; x_wconf 80' lang='lat' dir='ltr'><strong>tacitis</strong></span> <span class='ocrx_word' id='word_1_132' title='bbox 667 1598 858 1645; x_wconf 86' lang='lat' dir='ltr'><strong>induciis</strong></span> <span class='ocrx_word' id='word_1_133' title='bbox 889 1598 1103 1662; x_wconf 81' lang='lat' dir='ltr'><strong>utrinque</strong></span> <span class='ocrx_word' id='word_1_134' title='bbox 1133 1598 1284 1662; x_wconf 86' lang='lat' dir='ltr'><strong>quiete</strong></span> <span class='ocrx_word' id='word_1_135' title='bbox 1308 1598 1477 1644; x_wconf 83' lang='lat' dir='ltr'><strong>sumta:</strong></span> 
     </span>
     <span class='ocr_line' id='line_1_21' title="bbox 188 1670 1479 1738; baseline -0.003 -18"><span class='ocrx_word' id='word_1_136' title='bbox 188 1691 271 1738; x_wconf 89' lang='lat' dir='ltr'><strong>per</strong></span> <span class='ocrx_word' id='word_1_137' title='bbox 303 1689 420 1738; x_wconf 85' lang='lat' dir='ltr'><strong>quos</strong></span> <span class='ocrx_word' id='word_1_138' title='bbox 453 1673 609 1736; x_wconf 80' lang='lat' dir='ltr'><strong>ingens</strong></span> <span class='ocrx_word' id='word_1_139' title='bbox 645 1672 716 1720; x_wconf 85' lang='lat' dir='ltr'><strong>vis</strong></span> <span class='ocrx_word' id='word_1_140' title='bbox 748 1671 986 1718; x_wconf 87' lang='lat' dir='ltr'><strong>hominum</strong></span> <span class='ocrx_word' id='word_1_141' title='bbox 1020 1690 1076 1718; x_wconf 77' lang='lat' dir='ltr'><strong>ex</strong></span> <span class='ocrx_word' id='word_1_142' title='bbox 1112 1671 1325 1719; x_wconf 87' lang='lat' dir='ltr'><strong>omnibus</strong></span> <span class='ocrx_word' id='word_1_143' title='bbox 1357 1670 1479 1717; x_wconf 88' lang='lat' dir='ltr'><strong>Vol-</strong></span> 
     </span>
     <span class='ocr_line' id='line_1_22' title="bbox 190 1744 1479 1809; baseline -0.004 -15"><span class='ocrx_word' id='word_1_144' title='bbox 190 1747 271 1794; x_wconf 80' lang='lat' dir='ltr'><strong>scis</strong></span> <span class='ocrx_word' id='word_1_145' title='bbox 306 1745 548 1809; x_wconf 82' lang='lat' dir='ltr'><strong>AEquisque</strong></span> <span class='ocrx_word' id='word_1_146' title='bbox 581 1745 761 1808; x_wconf 82' lang='lat' dir='ltr'><strong>populis</strong></span> <span class='ocrx_word' id='word_1_147' title='bbox 792 1744 839 1790; x_wconf 90' lang='lat' dir='ltr'><strong>in</strong></span> <span class='ocrx_word' id='word_1_148' title='bbox 867 1745 1004 1793; x_wconf 78' lang='lat' dir='ltr'><strong>castra</strong></span> <span class='ocrx_word' id='word_1_149' title='bbox 1029 1746 1184 1803; x_wconf 88' lang='lat' dir='ltr'><strong>venit,</strong></span> <span class='ocrx_word' id='word_1_150' title='bbox 1206 1745 1322 1791; x_wconf 85' lang='lat' dir='ltr'><strong>haud</strong></span> <span class='ocrx_word' id='word_1_151' title='bbox 1351 1744 1479 1791; x_wconf 88' lang='lat' dir='ltr'><strong>dubi·</strong></span> 
     </span>
     <span class='ocr_line' id='line_1_23' title="bbox 189 1818 1480 1880; baseline -0.003 -14"><span class='ocrx_word' id='word_1_152' title='bbox 189 1833 315 1877; x_wconf 80' lang='lat' dir='ltr'><strong>tans,</strong></span> <span class='ocrx_word' id='word_1_153' title='bbox 334 1819 365 1865; x_wconf 90' lang='lat' dir='ltr'><strong>s1</strong></span> <span class='ocrx_word' id='word_1_154' title='bbox 395 1818 636 1875; x_wconf 87' lang='lat' dir='ltr'><strong>senserint,</strong></span> <span class='ocrx_word' id='word_1_155' title='bbox 657 1819 893 1865; x_wconf 78' lang='lat' dir='ltr'><strong>Romanos</strong></span> <span class='ocrx_word' id='word_1_156' title='bbox 919 1819 1050 1865; x_wconf 61' lang='lat' dir='ltr'><strong>nocte</strong></span> <span class='ocrx_word' id='word_1_157' title='bbox 1079 1819 1292 1865; x_wconf 80' lang='lat' dir='ltr'><strong>abituros.</strong></span> <span class='ocrx_word' id='word_1_158' title='bbox 1327 1819 1480 1880; x_wconf 82' lang='lat' dir='ltr'><strong>Itaque</strong></span> 
     </span>
     <span class='ocr_line' id='line_1_24' title="bbox 190 1890 1479 1956; baseline -0.002 -16"><span class='ocrx_word' id='word_1_159' title='bbox 190 1892 318 1940; x_wconf 82' lang='lat' dir='ltr'><strong>tertia</strong></span> <span class='ocrx_word' id='word_1_160' title='bbox 350 1891 444 1938; x_wconf 88' lang='lat' dir='ltr'><strong>fere</strong></span> <span class='ocrx_word' id='word_1_161' title='bbox 478 1891 636 1955; x_wconf 79' lang='lat' dir='ltr'><strong>vigilia</strong></span> <span class='ocrx_word' id='word_1_162' title='bbox 671 1892 725 1938; x_wconf 77' lang='lat' dir='ltr'><strong>ad</strong></span> <span class='ocrx_word' id='word_1_163' title='bbox 762 1891 898 1938; x_wconf 81' lang='lat' dir='ltr'><strong>castra</strong></span> <span class='ocrx_word' id='word_1_164' title='bbox 939 1892 1241 1956; x_wconf 81' lang='lat' dir='ltr'><strong>oppugnanda</strong></span> <span class='ocrx_word' id='word_1_165' title='bbox 1271 1890 1479 1938; x_wconf 85' lang='lat' dir='ltr'><strong>veniunt.</strong></span> 
     </span>
     <span class='ocr_line' id='line_1_25' title="bbox 190 1963 1483 2027; baseline -0.002 -16"><span class='ocrx_word' id='word_1_166' title='bbox 190 1965 435 2026; x_wconf 56' lang='lat' dir='ltr'><strong>Quinctius</strong></span> <span class='ocrx_word' id='word_1_167' title='bbox 453 2001 465 2023; x_wconf 92' lang='lat'>,</span> <span class='ocrx_word' id='word_1_168' title='bbox 486 1964 635 2011; x_wconf 78' lang='lat' dir='ltr'><strong>sedato</strong></span> <span class='ocrx_word' id='word_1_169' title='bbox 656 1965 876 2022; x_wconf 78' lang='lat' dir='ltr'><strong>tumultu,</strong></span> <span class='ocrx_word' id='word_1_170' title='bbox 895 1981 1030 2027; x_wconf 83' lang='lat' dir='ltr'><strong>quem</strong></span> <span class='ocrx_word' id='word_1_171' title='bbox 1047 1977 1194 2010; x_wconf 88' lang='lat' dir='ltr'><strong>terror</strong></span> <span class='ocrx_word' id='word_1_172' title='bbox 1213 1963 1381 2010; x_wconf 82' lang='lat' dir='ltr'><strong>subitus</strong></span> <span class='ocrx_word' id='word_1_173' title='bbox 1401 1979 1483 2018; x_wconf 53' lang='lat' dir='ltr'><strong>ex1</strong></span> 
     </span>
     <span class='ocr_line' id='line_1_26' title="bbox 191 2035 1477 2100; baseline -0.002 -16"><span class='ocrx_word' id='word_1_174' title='bbox 191 2039 366 2085; x_wconf 80' lang='lat' dir='ltr'><strong>civerat</strong></span> <span class='ocrx_word' id='word_1_175' title='bbox 381 2075 395 2095; x_wconf 87' lang='lat'><em>‚</em></span> <span class='ocrx_word' id='word_1_176' title='bbox 416 2055 518 2084; x_wconf 90' lang='lat' dir='ltr'><strong>cum</strong></span> <span class='ocrx_word' id='word_1_177' title='bbox 545 2054 725 2083; x_wconf 77' lang='lat' dir='ltr'><strong>manere</strong></span> <span class='ocrx_word' id='word_1_178' title='bbox 749 2036 795 2082; x_wconf 89' lang='lat' dir='ltr'><strong>in</strong></span> <span class='ocrx_word' id='word_1_179' title='bbox 822 2036 1032 2083; x_wconf 78' lang='lat' dir='ltr'><strong>tentoriis</strong></span> <span class='ocrx_word' id='word_1_180' title='bbox 1057 2036 1258 2100; x_wconf 85' lang='lat' dir='ltr'><strong>quietum</strong></span> <span class='ocrx_word' id='word_1_181' title='bbox 1289 2035 1477 2082; x_wconf 85' lang='lat' dir='ltr'><strong>militem</strong></span> 
     </span>
     <span class='ocr_line' id='line_1_27' title="bbox 188 2107 1476 2172; baseline -0.004 -15"><span class='ocrx_word' id='word_1_182' title='bbox 188 2109 371 2172; x_wconf 71' lang='lat' dir='ltr'><strong>jussiss&#39;et</strong></span> <span class='ocrx_word' id='word_1_183' title='bbox 387 2146 400 2167; x_wconf 79' lang='lat'><strong>‚</strong></span> <span class='ocrx_word' id='word_1_184' title='bbox 421 2110 726 2157; x_wconf 87' lang='lat' dir='ltr'><strong>Hernicorum</strong></span> <span class='ocrx_word' id='word_1_185' title='bbox 751 2109 996 2154; x_wconf 80' lang='lat' dir='ltr'><strong>cohortem</strong></span> <span class='ocrx_word' id='word_1_186' title='bbox 1028 2107 1074 2154; x_wconf 87' lang='lat' dir='ltr'><strong>in</strong></span> <span class='ocrx_word' id='word_1_187' title='bbox 1103 2107 1340 2154; x_wconf 84' lang='lat' dir='ltr'><strong>stationem</strong></span> <span class='ocrx_word' id='word_1_188' title='bbox 1365 2107 1476 2152; x_wconf 85' lang='lat' dir='ltr'><strong>edu-</strong></span> 
     </span>
     <span class='ocr_line' id='line_1_28' title="bbox 191 2178 1477 2243; baseline -0.005 -14"><span class='ocrx_word' id='word_1_189' title='bbox 191 2181 283 2238; x_wconf 82' lang='lat' dir='ltr'><strong>cit3</strong></span> <span class='ocrx_word' id='word_1_190' title='bbox 319 2182 575 2228; x_wconf 78' lang='lat' dir='ltr'><strong>cornicines</strong></span> <span class='ocrx_word' id='word_1_191' title='bbox 606 2179 918 2242; x_wconf 83' lang='lat' dir='ltr'><strong>tubicincsqne</strong></span> <span class='ocrx_word' id='word_1_192' title='bbox 936 2216 949 2237; x_wconf 84' lang='lat'>,</span> <span class='ocrx_word' id='word_1_193' title='bbox 973 2180 1018 2225; x_wconf 88' lang='lat' dir='ltr'><strong>in</strong></span> <span class='ocrx_word' id='word_1_194' title='bbox 1043 2195 1186 2243; x_wconf 82' lang='lat' dir='ltr'><strong>equos</strong></span> <span class='ocrx_word' id='word_1_195' title='bbox 1214 2178 1477 2240; x_wconf 80' lang='lat' dir='ltr'><strong>impositos,</strong></span> 
     </span>
     <span class='ocr_line' id='line_1_29' title="bbox 190 2250 1477 2316; baseline -0.005 -13"><span class='ocrx_word' id='word_1_196' title='bbox 190 2272 350 2303; x_wconf 79' lang='lat' dir='ltr'><strong>canere</strong></span> <span class='ocrx_word' id='word_1_197' title='bbox 377 2267 478 2300; x_wconf 82' lang='lat' dir='ltr'><strong>ante</strong></span> <span class='ocrx_word' id='word_1_198' title='bbox 498 2255 666 2302; x_wconf 79' lang='lat' dir='ltr'><strong>vallum</strong></span> <span class='ocrx_word' id='word_1_199' title='bbox 689 2252 814 2315; x_wconf 78' lang='lat' dir='ltr'><strong>jubet</strong></span> <span class='ocrx_word' id='word_1_200' title='bbox 830 2290 843 2311; x_wconf 88' lang='lat'>,</span> <span class='ocrx_word' id='word_1_201' title='bbox 865 2252 1201 2316; x_wconf 83' lang='lat' dir='ltr'><strong>sollicitumque</strong></span> <span class='ocrx_word' id='word_1_202' title='bbox 1223 2251 1394 2299; x_wconf 83' lang='lat' dir='ltr'><strong>hostem</strong></span> <span class='ocrx_word' id='word_1_203' title='bbox 1421 2250 1477 2297; x_wconf 81' lang='lat' dir='ltr'><strong>ad</strong></span> 
     </span>
     <span class='ocr_line' id='line_1_30' title="bbox 192 2325 1476 2391; baseline -0.005 -14"><span class='ocrx_word' id='word_1_204' title='bbox 192 2332 338 2377; x_wconf 83' lang='lat' dir='ltr'><strong>lucem</strong></span> <span class='ocrx_word' id='word_1_205' title='bbox 359 2341 522 2376; x_wconf 84' lang='lat' dir='ltr'><strong>tenere.</strong></span> <span class='ocrx_word' id='word_1_206' title='bbox 552 2329 777 2390; x_wconf 72' lang='lat' dir='ltr'><strong>reliquum</strong></span> <span class='ocrx_word' id='word_1_207' title='bbox 803 2327 945 2373; x_wconf 65' lang='lat' dir='ltr'><strong>noclis</strong></span> <span class='ocrx_word' id='word_1_208' title='bbox 972 2327 1084 2373; x_wconf 79' lang='lat' dir='ltr'><strong>adeo</strong></span> <span class='ocrx_word' id='word_1_209' title='bbox 1114 2325 1353 2391; x_wconf 74' lang='lat' dir='ltr'><strong>tranquilla</strong></span> <span class='ocrx_word' id='word_1_210' title='bbox 1372 2342 1476 2371; x_wconf 88' lang='lat' dir='ltr'><strong>om-</strong></span> 
     </span>
     <span class='ocr_line' id='line_1_31' title="bbox 191 2400 1477 2466; baseline -0.003 -16"><span class='ocrx_word' id='word_1_211' title='bbox 191 2406 263 2451; x_wconf 71' lang='lat' dir='ltr'><strong>nia</strong></span> <span class='ocrx_word' id='word_1_212' title='bbox 285 2403 328 2449; x_wconf 85' lang='lat' dir='ltr'><strong>in</strong></span> <span class='ocrx_word' id='word_1_213' title='bbox 356 2403 504 2451; x_wconf 59' lang='lat' dir='ltr'><strong>castr20</strong></span> <span class='ocrx_word' id='word_1_214' title='bbox 529 2404 650 2450; x_wconf 70' lang='lat' dir='ltr'><strong>suere</strong></span> <span class='ocrx_word' id='word_1_215' title='bbox 667 2440 678 2461; x_wconf 85' lang='lat'>,</span> <span class='ocrx_word' id='word_1_216' title='bbox 700 2415 751 2450; x_wconf 86' lang='lat' dir='ltr'><strong>ut</strong></span> <span class='ocrx_word' id='word_1_217' title='bbox 777 2401 922 2448; x_wconf 86' lang='lat' dir='ltr'><strong>somni</strong></span> <span class='ocrx_word' id='word_1_218' title='bbox 951 2419 1135 2466; x_wconf 83' lang='lat' dir='ltr'><strong>quoque</strong></span> <span class='ocrx_word' id='word_1_219' title='bbox 1155 2400 1373 2449; x_wconf 80' lang='lat' dir='ltr'><strong>Romanis</strong></span> <span class='ocrx_word' id='word_1_220' title='bbox 1392 2417 1477 2447; x_wconf 91' lang='lat' dir='ltr'><strong>co-</strong></span> 
     </span>
     <span class='ocr_line' id='line_1_32' title="bbox 190 2475 1477 2541; baseline -0.002 -18"><span class='ocrx_word' id='word_1_221' title='bbox 190 2478 261 2539; x_wconf 68' lang='lat' dir='ltr'><strong>pia</strong></span> <span class='ocrx_word' id='word_1_222' title='bbox 281 2478 398 2525; x_wconf 73' lang='lat' dir='ltr'><strong>essct.</strong></span> <span class='ocrx_word' id='word_1_223' title='bbox 423 2478 616 2527; x_wconf 69' lang='lat' dir='ltr'><strong>Volscos</strong></span> <span class='ocrx_word' id='word_1_224' title='bbox 635 2476 800 2541; x_wconf 76' lang='lat' dir='ltr'><strong>specics</strong></span> <span class='ocrx_word' id='word_1_225' title='bbox 819 2489 1095 2523; x_wconf 78' lang='lat' dir='ltr'><strong>armatorum</strong></span> <span class='ocrx_word' id='word_1_226' title='bbox 1111 2475 1311 2540; x_wconf 81' lang='lat' dir='ltr'><strong>peditum</strong></span> <span class='ocrx_word' id='word_1_227' title='bbox 1326 2510 1340 2535; x_wconf 78' lang='lat'><strong>,</strong></span> <span class='ocrx_word' id='word_1_228' title='bbox 1357 2487 1477 2538; x_wconf 78' lang='lat' dir='ltr'><strong>quos</strong></span> 
     </span>
    </p>
   </div>
  </div>
 </body>
</html>
