1680 2803
595 152 641 192 V
685 153 710 193 Ι
764 152 803 193 T
844 154 906 197 A.
1273 164 1401 198 uit

170 259 227 304 Et
256 257 474 321 quoniam
505 257 560 303 de
588 257 859 320 Cleonymo
888 258 1062 304 mentio
1092 258 1276 316 incidit,
1302 276 1399 306 non

104 341 280 404 poffum
302 340 526 403 praeterire
547 339 755 386 festivum
788 339 973 386 navium
1000 353 1225 387 certamen
1240 377 1254 398 ‚
1271 341 1400 405 quod

105 423 286 486 singulis
323 424 568 470 etiamnum
605 422 733 469 annis
770 422 888 486 apud
922 438 1008 470 nos
1045 434 1256 485 tanquam
1294 425 1398 471 urbi

103 506 331 567 peculiare
354 506 569 552 celebrari
593 505 639 551 in
657 502 843 552 flumine
870 503 1007 561 solet,
1027 504 1250 568 originem
1277 507 1396 555 haud

102 586 236 633 dubie
265 587 471 635 sortitum
499 588 556 635 ab
582 587 691 643 illo,
717 587 844 651 quod
870 587 974 634 fusis
990 624 1003 644 ,
1023 587 1290 652 Cleonymo
1311 590 1394 634 du·-

100 686 182 728 ce‚
201 671 400 727 Graecis,
422 671 592 719 Patavii
622 670 685 717 ob
706 670 931 733 publicam
957 670 1158 716 laetitiam
1187 669 1272 716 fuit
1301 671 1392 718 ecli-

98 763 210 800 tum.
238 756 293 799 Et
316 753 422 800 hinc
447 753 508 800 ait
530 754 687 802 Livius
716 763 724 783 ¹
747 772 760 799 ε
789 755 964 800 Patavii
981 771 1290 800 monumentum
1312 771 1393 799 nct-

95 839 207 882 valis
231 854 382 898 pugnae
401 855 445 882 eo
473 840 562 894 die,
580 857 658 898 quo
682 854 920 899 pugnatum
939 838 991 901 est
1002 872 1017 894 ,
1039 840 1268 896 quotannis
1289 839 1392 898 sol-

98 921 225 965 lemni
245 922 461 966 certamine
480 924 655 965 navium
685 923 731 966 in
743 921 928 985 flumine
951 921 1099 981 oppidi
1116 923 1251 966 medio
1270 939 1391 967 excr-

97 1017 219 1048 eetur.
265 1002 398 1048 Unde
429 1003 478 1049 &
510 1002 618 1048 mihi
646 1001 918 1065 persuadeo,
944 1002 1131 1048 eandem
1159 1003 1391 1066 pugnandi

98 1082 290 1130 formam
306 1083 501 1133 retineri.
520 1087 678 1131 Parvae
693 1085 813 1132 enim
827 1085 1068 1143 naviculae,
1081 1083 1155 1130 sex
1178 1085 1389 1133 robustis·

96 1165 313 1213 simorum
348 1169 568 1231 remigum
612 1167 805 1230 impulsu
846 1167 1070 1226 incitam,
1104 1184 1161 1214 ex
1197 1167 1388 1215 adverse·

94 1247 176 1295 fibi
198 1250 543 1296 committuntur
563 1269 573 1296 ε
599 1250 645 1296 in
663 1266 798 1312 prora
819 1251 910 1297 viri
936 1250 1098 1298 lanceis
1118 1251 1304 1308 armati,
1327 1250 1389 1296 as·

95 1330 235 1378 serem
251 1368 266 1391 ‚
292 1333 550 1379 denfiffimis
575 1332 716 1379 clavis
740 1331 889 1380 infixis
913 1334 1136 1380 munitum
1154 1370 1165 1387 ,
1187 1333 1296 1380 scuti
1320 1334 1388 1381 lo·

95 1430 152 1462 co
173 1415 499 1477 praetendentes
518 1415 795 1471 consistunt3
819 1416 900 1478 qui
922 1416 1193 1463 validiffimo
1215 1416 1387 1478 impetu

94 1498 263 1545 tamdiu
284 1498 331 1544 in
351 1497 392 1545 se
411 1510 572 1545 mutuo
595 1499 795 1557 irruunt,
815 1499 921 1545 dum
942 1498 1153 1545 alteruter
1177 1498 1223 1546 in
1251 1515 1386 1562 aquas

93 1579 342 1641 dejiciatur.
381 1582 486 1628 Hoc
516 1593 665 1628 autem
700 1580 875 1628 celebre
904 1580 1202 1643 spectaculum
1229 1581 1385 1628 diebus

94 1661 212 1710 festis
234 1664 517 1711 Pentecostes
548 1664 811 1728 plerumque
844 1664 1089 1728 peragitur.

158 1760 427 1827 PATAVI]
456 1763 564 1807 Vox
597 1760 705 1820 ista,
736 1778 839 1825 quae
867 1762 975 1809 loco
1001 1767 1176 1811 Patavii
1197 1763 1272 1811 hic
1300 1764 1381 1810 ha·

91 1842 250 1902 betur,
271 1843 558 1891 monumenti
586 1842 716 1907 hujus
746 1845 1060 1908 antiquitatem
1089 1846 1382 1893 eruditiffimo

91 1925 270 1972 cuidam
302 1927 407 1975 viro
439 1926 677 1990 suspeRam
711 1928 891 1984 reddit3
928 1929 1054 1992 quod
1087 1946 1171 1975 nec
1199 1929 1381 1991 publice

90 2007 299 2070 profiteri
318 2009 381 2055 est
400 2010 586 2056 veritus,
619 2012 787 2055 Verum
815 2010 1053 2057 enimvero
1087 2010 1207 2058 facili
1235 2029 1380 2076 nego-

92 2091 160 2137 tio
190 2091 300 2138 mihi
320 2092 507 2138 dubium
528 2091 629 2139 tolli
649 2090 853 2150 videtur;
881 2110 986 2140 cum
1013 2093 1227 2157 Virgilius
1250 2095 1339 2157 ipse
1365 2133 1379 2154 ‚

88 2173 168 2236 qui
195 2176 250 2222 T.
270 2174 392 2220 Livii
421 2174 703 2238 temporibus
721 2175 839 2223 vixit
854 2213 870 2234 ,
891 2180 1049 2223 Patavi
1072 2176 1181 2224 loco
1204 2181 1381 2224 Patavii

90 2255 303 2319 scriptum
326 2257 587 2320 reliquerit:
610 2257 727 2305 unde
753 2259 913 2323 quidni
939 2260 1030 2309 hoc
1052 2259 1183 2308 etiam
1208 2261 1253 2308 in
1277 2277 1376 2306 mo-

91 2350 308 2386 numento
336 2339 554 2387 toleretur
575 2340 592 2386 ?

151 2472 165 2498 1
192 2457 284 2499 Hist.
308 2458 372 2498 lib.
403 2474 467 2510 ιο,
488 2472 569 2511 cap.
595 2476 628 2500 2,
