1582 2793
161 147 189 194 6
509 144 1073 199 TITILIVII

159 254 271 319 quin
298 253 455 317 ‘primae
475 254 671 318 origines
699 259 998 324 proximaque
1019 261 1268 324 originibus
1296 260 1447 312 minus

158 330 402 393 praebitura
421 328 671 392 voluptatis
691 331 777 378 s1nt
793 368 806 389 ,
829 331 1138 382 festinantibus
1160 336 1213 382 ad
1241 336 1337 383 haec
1362 354 1448 383 no-

160 420 219 449 va
234 439 247 461 ,
275 402 440 467 quibus
468 401 556 464 jam
578 405 750 467 pridem
769 407 1054 467 praevalentis
1075 410 1234 472 populi
1253 410 1373 458 vires
1406 410 1449 458 se

156 478 263 541 ipsae
299 475 562 523 conficiunt.
607 480 703 540 Ego
741 491 901 525 contra
934 481 1022 527 hoc
1057 500 1240 546 quoque
1277 484 1446 531 laboris

159 551 396 616 praemium
422 562 595 613 petam,
613 563 664 596 ut
684 567 754 596 me
776 568 800 597 a
818 551 1059 615 conspectu
1075 556 1297 604 malorum
1312 592 1325 615 ,
1346 574 1446 621 quae

159 627 315 673 nostra
352 636 423 671 tot
459 641 537 686 per
569 640 712 670 annos
747 623 859 671 vidit
887 638 1022 686 aetas,
1050 628 1291 691 tantisper,
1324 642 1443 677 certe

157 699 268 745 dum
297 698 437 761 prisca
465 698 539 744 illa
566 711 663 744 tota
695 712 844 746 mente
863 717 1052 764 repeto,
1076 715 1308 761 avertam,
1341 720 1445 751 om-

160 773 233 823 nis
262 789 421 834 expers
444 790 588 829 curae,
608 790 709 836 quae
729 773 958 822 scribentis
988 777 1187 824 animum
1203 814 1218 838 ,
1250 776 1328 824 etsi
1347 793 1446 823 non

159 844 338 891 fleciere
375 861 399 889 a
431 861 545 889 vero
567 880 579 901 ,
617 844 860 893 sollicitum
895 863 1043 895 tamen
1083 850 1260 896 efficere
1297 848 1445 913 pofi‘it.

158 919 280 978 Quae
309 929 409 964 ante
438 917 667 965 conditam
699 920 1045 968 condendamve
1076 922 1261 980 urbem,
1294 921 1447 986 poeti-

159 990 225 1038 cis
258 991 396 1054 magis
428 992 591 1039 decora
620 991 806 1051 fabulis,
835 1011 968 1057 quam
994 996 1273 1060 incorruptis
1294 1013 1445 1043 rerum

157 1063 379 1127 gestarum
401 1065 706 1111 monumentis
724 1101 737 1123 ,
766 1068 1027 1126 traduntur,
1059 1086 1110 1115 ea
1137 1086 1221 1116 nec
1253 1069 1446 1140 affirma-

158 1155 237 1196 re,
266 1156 351 1185 nec
382 1137 585 1185 refellere
617 1139 665 1186 in
696 1140 849 1187 animo
881 1141 956 1188 est.
993 1143 1145 1190 Datur
1180 1143 1276 1190 haec
1310 1143 1445 1190 venia

157 1212 442 1275 antiquitati,
460 1227 532 1271 ut,
552 1213 784 1260 miscendo
811 1214 1008 1262 humana
1027 1215 1195 1264 divinis
1209 1253 1223 1275 ,
1251 1215 1444 1280 primor-

158 1287 232 1333 dia
255 1288 433 1333 urbium
464 1288 716 1351 augustiora
741 1288 885 1336 faciat.
919 1292 1003 1349 Et,
1027 1292 1058 1338 fi
1089 1292 1163 1339 cui
1193 1292 1367 1354 populo
1388 1292 1445 1338 li-

155 1376 262 1407 cere
289 1371 500 1422 oportet,
530 1360 791 1408 consecrare
813 1363 1007 1428 origines
1026 1366 1121 1413 suas
1136 1401 1149 1424 ,
1171 1367 1222 1414 &
1239 1366 1295 1412 ad
1311 1367 1443 1413 Deos

157 1433 323 1480 referre
345 1433 545 1480 a11&0res
566 1451 580 1489 ;
610 1451 661 1481 ea
687 1435 792 1481 belli
819 1437 964 1500 gloria
993 1438 1055 1485 est
1078 1439 1253 1502 populo
1275 1440 1444 1487 Roma-

156 1523 247 1564 no,
272 1522 322 1552 ut
336 1543 349 1564 ‚
369 1525 473 1553 cum
493 1506 619 1554 suum
640 1510 976 1575 conditorisque
995 1512 1057 1558 sui
1074 1524 1301 1576 parentem
1319 1515 1443 1561 Mar-

157 1593 249 1627 tem
282 1581 558 1643 potiffimum
578 1581 720 1641 ferat,
746 1596 836 1631 tam
857 1587 907 1634 ὃς
937 1587 1028 1634 hoc
1055 1601 1206 1651 gentes
1236 1590 1442 1637 humanae

157 1652 385 1716 patiantur
408 1671 540 1716 aequo
560 1654 741 1714 animo,
764 1674 899 1721 quam
925 1659 1161 1721 imperium
1194 1661 1440 1722 patiuntur.

154 1725 242 1771 Sed
270 1725 365 1771 haec
385 1727 434 1773 &
456 1725 522 1773 his
554 1726 738 1785 similia,
771 1742 1001 1794 utcunque
1031 1732 1335 1781 animadversa
1365 1751 1440 1784 aut

153 1798 403 1844 existimata
433 1812 593 1855 erunt,
626 1802 744 1848 haud
773 1802 820 1850 in
840 1821 1006 1868 magno
1035 1806 1242 1868 equidem
1268 1825 1438 1869 ponam

151 1871 423 1919 discrimine.
461 1874 532 1920 Ad
560 1874 634 1922 illa
656 1876 765 1922 mihi
791 1895 877 1940 pro
903 1879 945 1925 se
964 1880 1150 1943 quisque
1176 1883 1338 1928 acriter
1363 1884 1438 1929 in·
1478 1923 1482 1927 .

152 1946 307 1991 tendat
327 1946 525 1992 animum
542 1983 556 2005 ,
582 1965 684 2010 quae
705 1950 799 1997 vita
815 1987 829 2009 ,
859 1951 937 2015 qui
957 1969 1106 2000 mores
1130 1953 1323 2002 fuerint:
1358 1972 1438 2020 per

152 2035 272 2080 quos
299 2019 455 2077 viros,
485 2022 737 2087 quibusque
763 2025 958 2086 artibus,
987 2027 1112 2074 domi
1143 2028 1438 2093 militiaeque,

151 2091 205 2137 &
223 2104 398 2152 partum
435 2094 484 2140 &
504 2095 679 2141 austum
708 2096 949 2159 imperium
973 2100 1039 2148 s1t.
1072 2099 1250 2148 labente
1279 2102 1439 2150 deinde

150 2163 368 2226 paulatim
398 2165 656 2228 disciplina,
694 2169 822 2216 velut
844 2172 1092 2222 desidentes
1115 2175 1264 2236 primo
1287 2192 1436 2224 mores

150 2234 358 2297 sequatur
396 2236 579 2293 animo;
617 2240 777 2288 deinde
811 2256 862 2289 ut
893 2244 1033 2307 magis
1068 2245 1296 2309 magisque
1328 2248 1436 2311 lapfi

79 2364 81 2366 ῃ
149 2306 268 2361 fint;
296 2317 393 2353 tum
419 2307 482 2353 ire
512 2311 738 2372 coeperint
767 2314 1047 2376 praecipites:
1084 2316 1231 2376 donec
1259 2319 1314 2365 ad
1339 2320 1435 2370 haec

149 2390 356 2441 tempora
373 2415 386 2437 ,
410 2381 575 2443 quibus
602 2400 683 2430 nec
705 2383 816 2432 vitia
837 2386 1011 2446 nostra,
1035 2406 1117 2436 nec
1142 2393 1334 2440 remedia
1353 2411 1435 2456 pa-

152 2450 187 2497 ti
209 2452 446 2517 possumus
461 2490 476 2514 ,
504 2470 778 2520 perventum
799 2459 876 2510 est.
914 2461 1019 2510 Hoc
1047 2463 1159 2510 illud
1184 2464 1246 2512 est
1270 2467 1441 2530 praeci-v
