1582 2793
276 137 891 187 HISTORIARUM
941 134 1211 184 LIB.111.
1315 146 1408 198 223

113 248 306 297 Duilios
326 247 563 311 Iciliosque
588 246 635 292 in
655 245 761 292 foro
782 245 972 293 volitare
987 281 1001 301 ,
1028 262 1106 308 per
1125 245 1227 291 illos
1250 242 1290 289 se
1309 243 1411 305 ple-

119 324 165 370 bi
203 323 472 373 venditare:
512 321 660 366 donec
695 318 884 380 collegae
920 333 1139 379 quoque,
1166 316 1242 379 qui
1280 315 1412 361 unice

118 394 186 442 illi
217 395 354 442 dediti
379 393 556 441 fuerant
586 393 640 438 ad
672 391 716 437 id
745 404 951 452 tempus,
978 388 1213 447 coniecere
1242 388 1287 433 in
1310 404 1414 433 eum

118 468 286 516 oculos
304 503 318 525 ,
337 467 550 514 mirantes
586 464 695 529 quid
727 462 806 509 fibi
834 461 983 508 vellet.
1021 462 1273 523 Apparere,
1302 458 1415 505 nihil

122 540 281 588 finceri
309 539 424 596 effe3
456 539 645 599 ProfchO
664 541 782 585 haud
796 540 1027 599 gratuitam
1052 539 1096 581 in
1125 551 1245 580 tanta
1268 536 1417 596 βψσ-

124 617 195 661 bia
219 616 452 659 comitatem
472 612 582 672 fore.
620 615 798 657 nimium
838 614 883 656 in
913 613 1097 655 ordinem
1112 610 1160 668 fi
1191 609 1325 668 st'film
1348 627 1419 653 co·

121 706 240 751 gere,
275 685 318 734 ἃ
351 688 518 748 vulgari
548 703 639 730 cum
665 687 852 744 privaris
872 719 885 740 ,
923 701 1007 727 non
1042 699 1128 726 tam
1154 684 1419 741 properantis

125 763 241 808 abire
272 762 514 827 magistram
530 795 544 815 ,
570 777 692 819 quam
729 760 844 803 viam
878 759 938 800 ad
966 757 1296 800 continuandum
1326 772 1422 798 mm·

123 834 338 899 gistratum
370 833 614 892 quaerentis,
646 827 731 893 effic.
774 827 1011 888 propalam
1046 825 1232 871 obviam
1255 825 1318 869 ire
1347 840 1424 869 cu·

128 904 308 969 piditati
339 920 498 966 parum
532 902 652 959 31111,
679 898 1033 945 obsecundando
1066 896 1242 943 mollire
1278 896 1424 958 impc-

129 991 230 1025 tum
263 977 594 1040 aggrediuntur.
652 973 949 1020 comitiorum
985 970 1050 1015 illi
1083 968 1391 1014 habendorum
1412 1001 1428 1025 ,

131 1051 318 1116 quando
348 1049 560 1096 minimus
593 1060 700 1094 natu
733 1045 810 1104 lit,
840 1060 1006 1090 munus
1029 1041 1248 1089 consensu
1279 1041 1430 1102 injun-

134 1136 260 1189 gunt.
291 1127 377 1170 Ars
412 1124 510 1168 haec
539 1134 663 1178 erat,
700 1136 755 1165 ne
787 1119 920 1164 semet
950 1117 1041 1178 ipse
1079 1131 1224 1161 creare
1257 1114 1429 1177 poffet5

133 1197 264 1262 quod
288 1207 449 1259 praeter
481 1194 690 1240 tribunos
721 1190 863 1254 plebis
888 1190 975 1253 (δε
997 1189 1041 1234 id
1073 1188 1215 1251 ipsum
1239 1188 1429 1251 peffimo

133 1267 396 1332 exemplo‚)
423 1283 560 1312 nemo
596 1281 794 1328 unquam
825 1261 1006 1309 feci'isct.
1053 1261 1125 1306 ille
1156 1261 1429 1318 enimvero,

136 1343 264 1408 quod
284 1343 398 1389 bene
423 1352 569 1388 vertat
584 1376 597 1398 ,
630 1338 893 1384 habiturum
916 1334 956 1380 se
979 1334 1167 1382 comitia
1188 1333 1433 1397 professus,

138 1415 512 1479 impedimentum
542 1428 627 1475 pro
651 1411 890 1458 occasione
920 1407 1118 1471 arripuit.
1167 1406 1435 1470 dejeffisque

140 1493 321 1540 honore
351 1506 431 1552 per
466 1488 717 1536 coitionem
751 1485 928 1531 duobus
949 1482 1206 1544 Quinffiis,
1241 1482 1435 1545 Capito-

140 1568 238 1615 lino
260 1568 310 1613 &
331 1563 610 1611 Cincinnato
624 1598 636 1619 ‚
659 1563 707 1608 ὃς
723 1573 886 1623 patruo
907 1558 984 1604 suo
1004 1558 1058 1604 C.
1075 1556 1269 1603 Claudio
1283 1591 1297 1613 ,
1319 1571 1437 1601 con-

142 1637 405 1687 stantiffimo
428 1635 531 1683 viro
564 1636 610 1680 in
633 1633 921 1696 optimatium
945 1629 1098 1687 causa,
1130 1630 1180 1676 &
1202 1628 1296 1675 aliis
1324 1626 1438 1689 ejus-

143 1714 248 1761 dem
283 1709 442 1774 fastigii
484 1708 695 1763 civibus,
732 1721 1013 1769 nequaquam
1048 1702 1288 1766 splendore
1330 1702 1439 1748 vitae

145 1801 274 1849 pares
305 1782 594 1831 decemviros
627 1793 773 1827 creat:
807 1779 849 1825 se
878 1779 923 1824 in
953 1777 1137 1840 prunis,
1168 1776 1295 1841 quod
1322 1774 1441 1822 haud

148 1859 273 1908 secus
305 1856 469 1904 facium
504 1853 824 1917 improbabant
854 1851 999 1909 boni,
1032 1866 1167 1915 quam
1203 1866 1339 1895 nemo
1374 1847 1443 1894 fa·-

149 1949 253 1981 cere
282 1929 490 1978 ausurum
519 1928 785 1976 crediderat.
820 1924 972 1971 Creati
1009 1940 1111 1970 cum
1139 1939 1195 1969 eo
1225 1925 1285 1969 M.
1319 1923 1444 1968 Cor-

151 2005 297 2055 nelius
318 2002 664 2066 Maluginensis,
700 2001 763 2046 M.
784 1998 990 2060 Sergius,
1024 1998 1074 2044 L.
1094 1996 1314 2042 Minutius
1334 2030 1347 2053 ,
1381 1996 1446 2054 Q.

151 2077 312 2128 Fabius
332 2075 613 2132 Vibulanus,
651 2074 712 2133 Q.
736 2071 950 2119 Poetelius
966 2105 980 2127 ,
1013 2071 1070 2116 T.
1091 2068 1319 2115 Antonius
1347 2068 1447 2112 Me-

153 2151 293 2200 renda
308 2186 323 2209 ,
347 2147 479 2196 Caeso
502 2145 717 2206 Duilius,
739 2147 814 2208 Sp.
836 2142 1016 2206 Oppius
1039 2142 1298 2200 Cornicen,
1324 2141 1448 2187 Man.

156 2222 416 2284 Rabuleius.

223 2295 446 2343 XXXVI.
471 2292 550 2340 Ille
576 2290 676 2339 finis
699 2290 848 2354 Appio
883 2289 1039 2336 alienae
1074 2287 1273 2352 personae
1304 2286 1447 2332 feren-

157 2369 226 2415 dae
262 2366 361 2413 fuit.
395 2364 476 2411 suo
503 2364 593 2426 jam
626 2363 729 2410 inde
757 2363 913 2409 vivere
944 2362 1127 2423 iube-nio
1162 2359 1330 2419 coepit,
1357 2374 1444 2402 no-

157 2440 331 2505 vosque
353 2439 548 2505 collegas
577 2437 668 2500 jam
690 2438 809 2501 prius
824 2472 839 2495 ,
859 2453 993 2502 quam
1022 2438 1188 2480 inirent
1221 2434 1445 2494 1113311113-
