1582 2793
186 226 279 269 214
536 207 761 254 TITI
835 210 1105 255 LIVII

183 317 320 365 bai-iis
351 316 398 362 in
430 316 522 364 dies
555 317 756 381 quinque
791 318 930 364 co-Ptis
965 316 1186 381 vallisque
1217 317 1439 366 duodeniS
1456 332 1478 376 ,ἰ

183 404 287 439 ante
317 391 422 438 solis
449 391 659 438 occasum
682 392 850 438 Martio
872 392 919 438 in
943 408 1105 454 campo
1127 391 1349 439 adessent:
1368 392 1478 456 qui-

183 465 269 511 bus
299 476 403 510 aetas
436 463 491 511 ad
522 463 806 510 militandum
835 463 1023 526 gravior
1045 464 1175 522 effet,
1200 464 1362 511 vicino
1393 465 1477 511 mi-

183 538 284 598 liti,
319 539 426 585 dum
454 538 490 584 is
513 555 635 585 arma
657 550 830 601 pararet
846 574 861 595 ,
891 537 1149 600 vallumque
1171 550 1343 601 peteret
1362 575 1376 598 ,
1407 539 1480 586 ci-

184 613 311 661 baria
339 629 535 678 coquere
561 612 692 675 juffit.
729 611 802 658 Sic
830 609 1046 673 juventus
1069 611 1274 659 discurrit
1303 612 1358 659 ad
1384 612 1481 658 val-

185 687 282 734 lum
310 688 569 751 petendum.
615 684 833 744 sumsere,
870 686 993 731 unde
1025 685 1186 749 cuique
1215 685 1482 749 proximum

186 756 302 804 fuit:
339 757 596 820 prohibitus
633 773 770 803 nemo
803 756 891 803 est:
927 756 1208 821 impigreque
1236 774 1395 805 omnes
1425 759 1483 805 ad

187 830 383 878 edietum
404 831 635 878 diflatoris
652 831 815 894 praesto
837 830 974 878 fuere.
996 831 1102 877 Inde
1123 831 1382 894 composito
1402 850 1483 898 ag·-

187 904 337 963 mine,
370 920 467 950 non
487 903 638 950 itineri
668 904 808 968 magis
836 903 956 968 apti,
979 921 1117 968 quam
1140 903 1308 966 proelio
1323 940 1337 963 ,
1360 905 1391 952 fi
1411 921 1486 953 res

187 977 251 1025 ita
280 977 473 1037 tulisset,
501 977 703 1041 legiones
733 978 825 1040 ipse
860 978 1080 1037 dictator,
1116 978 1323 1042 magister
1354 981 1485 1044 equi-

190 1063 285 1098 tum
317 1051 419 1099 suos
444 1051 616 1115 equites
649 1051 788 1098 ducit.
826 1054 876 1098 In
905 1064 1104 1116 utroque
1134 1051 1342 1115 agmine,
1374 1068 1489 1116 quas

188 1139 366 1189 tempus
394 1125 540 1189 ipsum
567 1125 812 1189 poscebat,
844 1126 1186 1174 adhortationes
1216 1138 1369 1173 erant:
1402 1130 1487 1172 ad-

191 1202 330 1246 derent
354 1201 531 1261 gradum
551 1232 565 1256 ‚
599 1214 808 1244 maturato
841 1218 945 1260 opus
978 1198 1076 1264 effi,
1110 1215 1157 1246 ut
1190 1201 1304 1245 noae
1327 1203 1388 1246 ad
1404 1202 1488 1245 lzo-

180 1276 286 1345 stem
308 1274 519 1335 pervenire
542 1272 722 1337 poffifzt.
765 1275 969 1334 confidem
997 1275 1294 1335 exercitumque
1321 1276 1489 1320 Roma-

191 1368 293 1396 num
315 1348 500 1413 obstderi.
532 1350 694 1393 tertium
719 1350 827 1392 diem
836 1347 939 1406 jam
957 1348 1120 1408 clausos
1138 1345 1237 1412 effi:
1261 1351 1367 1409 quid
1380 1365 1489 1409 quae-

193 1443 269 1485 que
287 1441 378 1468 nox
396 1438 472 1468 aut
486 1425 574 1468 dies
588 1421 731 1481 ferat,
751 1424 949 1469 incertum
971 1420 1042 1487 effi
1059 1439 1075 1467 .·
1090 1422 1248 1483 punc‘lo
1259 1422 1370 1482 faepe
1385 1437 1492 1468 tem-

185 1498 309 1559 poris
336 1498 621 1541 maximarum
651 1513 782 1541 rerum
802 1511 1012 1541 momenta
1038 1498 1154 1541 verti.
1184 1493 1491 1558 Accelerastg-

195 1569 331 1628 nifer,
345 1569 511 1629 sequere
537 1571 656 1614 miles
673 1604 689 1624 ,
722 1567 842 1614 inter
872 1567 914 1614 se
941 1584 1158 1632 quoque,
1181 1565 1492 1630 gratificantes,

194 1644 412 1702 ducibus,
434 1642 698 1690 clamabant.
733 1642 881 1689 media
909 1643 1042 1689 noCte
1075 1642 1123 1689 in
1142 1641 1354 1705 Algidum
1381 1658 1490 1705 per—

196 1719 421 1765 veniunt:
459 1720 534 1777 &,
566 1731 617 1764 ut
642 1715 843 1778 sensere,
869 1717 911 1766 se
929 1716 1019 1781 jam
1038 1732 1185 1781 prope
1205 1715 1353 1763 hostes
1374 1715 1488 1776 effe,

195 1792 317 1856 :figna
349 1790 646 1839 constituunt.

274 1865 486 1912 XXVIII.
526 1863 591 1910 lbi
628 1863 820 1909 dietator
837 1897 852 1920 ,
880 1872 1101 1925 quantum
1128 1860 1261 1907 ηοξὶε
1289 1860 1491 1925 prospici

196 1950 376 2002 poterat
390 1975 404 1997 ,
428 1954 550 2001 equo
572 1937 926 1995 circumveRus,
943 1934 1391 2001 contemplatusque,
1410 1935 1494 1999 qui

197 2012 362 2059 tra‘SIus
381 2010 625 2057 castrorum
639 2047 652 2069 ,
668 2025 860 2074 quaeque
881 2007 1030 2056 forma
1049 2008 1178 2066 effet,
1193 2006 1385 2054 tribunis
1403 2007 1495 2054 mi-

197 2083 329 2129 litnm
359 2082 625 2144 imperavit,
654 2094 705 2129 ut
733 2081 926 2128 sarcinas
953 2081 1000 2128 in
1035 2097 1179 2127 unum
1216 2078 1385 2140 conjici
1417 2078 1494 2142 ju-

198 2156 363 2213 beant,
392 2155 579 2202 miIitem
611 2173 713 2204 cum
742 2154 877 2202 armis
905 2154 1121 2218 valloque
1154 2154 1300 2200 redire
1327 2153 1374 2198 in
1411 2169 1496 2198 or-

198 2229 326 2275 dines
358 2227 474 2275 suos.
505 2228 645 2287 faCta,
666 2247 767 2293 quae
798 2228 1054 2291 imperavit.
1099 2227 1249 2284 Tum,
1273 2242 1369 2290 quo
1391 2224 1498 2272 fue-

198 2314 299 2349 rant
327 2301 488 2349 ordine
521 2302 568 2348 in
597 2302 700 2361 via,
727 2303 979 2349 exercitum
1017 2316 1200 2347 omnem
1235 2299 1379 2363 longo
1414 2315 1498 2361 ag-

199 2375 322 2423 mine
363 2375 610 2423 circumdat
642 2375 841 2422 hostium
883 2375 1059 2433 castri8‚
1093 2376 1168 2431 &‚
1208 2372 1285 2419 ubi
1319 2372 1497 2436 signum

201 2447 351 2495 datum
382 2447 461 2506 fit,
486 2447 729 2496 clamorem
760 2464 918 2494 omnes
947 2446 1108 2493 tollere
1135 2445 1290 2507 jubet:
1324 2445 1498 2492 clamo-

203 2536 252 2570 re
291 2520 502 2584 sublato,
530 2534 633 2571 ante
670 2519 713 2570 se
753 2535 978 2587 quemque
1022 2520 1185 2571 ducere
1229 2518 1417 2579 foffam,
1443 2517 1498 2567 &
