1680 2803
340 159 465 204 DE
537 156 977 204 T.L1V10.
1186 170 1352 205 Lxxlx

60 279 157 325 pag.
185 265 287 325 183.
321 266 482 311 lulium
512 265 704 324 Caesbrem
738 267 882 310 Livius
911 283 1202 312 commemorat
1227 273 1355 328 quin·

57 359 127 392 „7112-
148 343 291 399 solum
325 343 502 385 cohortes
533 337 741 402 habmſjk,
769 341 938 399 quando
958 343 1076 385 civile
1103 345 1250 386 bellum
1277 345 1350 386 in·-

56 417 222 458 efflavit
237 448 247 466 ,
271 431 359 457 cum
389 416 535 472 quibus
551 451 562 470 ‚
588 416 808 473 inquiens,
833 415 981 459 Orbem
1003 430 1197 459 terrarum
1217 419 1349 461 ador-

42 489 123 547 sics
142 488 205 551 gst'.
230 488 295 530 Ex
317 486 477 531 eodem
498 485 636 531 Livio
662 502 705 547 p.
741 489 842 531 162.
865 484 1048 531 videtur
1075 484 1230 531 afferre
1255 487 1350 533 dic-

52 572 147 604 tum
172 558 396 620 Scipionis
414 577 424 605 ε
448 562 733 620 Imperatorem
752 577 815 603 me
835 575 967 604 mater
986 577 1093 615 mea,
1110 577 1198 604 non
1221 561 1347 605 bella-

50 649 173 676 t,›‘'em
190 666 202 686 ,
216 636 382 692 peperit.
420 632 538 677 Livii
562 634 862 685 Macedonica,
883 646 983 692 quae
1015 629 1164 677 laudat
1190 633 1349 696 Ange*

48 704 116 750 lus
148 703 448 750 Decembrius
480 703 598 750 libro
619 705 699 749 Vll
727 703 900 765 politiae
928 703 1134 750 literariae
1170 722 1213 768 p.
1241 721 1345 770 552.

52 792 148 823 non
176 777 257 821 alia
289 775 415 831 sunt,
447 793 581 837 quam
615 792 717 839 quae
745 775 875 822 editis
900 775 1191 824 historiarum
1222 778 1348 826 libris

50 851 346 897 continentur
382 850 619 907 XXXIX,
642 848 734 912 sqq.
777 849 1045 897 Dolendum
1077 851 1167 909 est,
1194 851 1345 900 lucem

49 940 145 968 non
175 922 328 969 vidiss‘e
351 923 602 982 Lambecii,
623 940 758 986 quam
779 922 854 968 lib.
886 939 938 979 2,
968 941 1065 988 pag.
1094 942 1203 987 944.
1234 943 1346 987 977.

49 995 284 1056 promis1t‚
313 996 662 1042 dissertationem
695 995 748 1042 de
784 996 883 1043 X11.
917 996 1169 1044 Codicibus
1205 999 1342 1045 Mstis

47 1069 197 1126 Livii,
220 1069 298 1132 qui
320 1087 410 1116 una
437 1087 538 1116 cum
570 1070 741 1117 duabus
761 1070 811 1118 δι
833 1070 1016 1134 triginta
1042 1071 1237 1133 ejusdem
1259 1074 1342 1120 Hi·

45 1141 201 1187 storici
220 1141 461 1203 praecipuis
481 1143 759 1191 editionibus
784 1144 830 1193 in
856 1143 971 1193 Bibl.
1001 1145 1203 1197 Caesarea
1220 1147 1339 1194 Vin-

47 1214 299 1261 dobonenfi
331 1214 624 1265 asservantur.

452 1367 920 1415 EPIToMAE.

127 1505 320 1564 Epitome
353 1502 572 1552 librorum
611 1505 911 1555 Livianorum
928 1543 942 1566 ‚
970 1507 1063 1557 five
1091 1511 1336 1558 breviarium

47 1576 95 1620 T.
119 1577 259 1632 Livii,
281 1576 407 1636 quod
435 1577 556 1624 notis
575 1578 775 1641 Sigonii,
797 1579 983 1625 Martini
1005 1580 1197 1627 Antonii
1219 1582 1337 1627 Del-

41 1646 129 1703 rii,
157 1656 167 1676 ¹
189 1648 256 1693 Jo.
283 1648 491 1695 Douiatii
517 1651 611 1697 &L
635 1652 679 1696 F.
697 1651 936 1698 Gronovii
964 1651 1230 1698 illustratum
1252 1652 1335 1698 ha-

41 1719 223 1778 bemus,
243 1721 376 1767 etiam
404 1738 562 1769 eorum
596 1724 816 1771 librorum
832 1761 849 1782 ,
868 1725 946 1789 qui
975 1725 1333 1786 interciderunt,

41 1793 219 1840 duobus
251 1793 369 1841 forte
403 1798 487 1853 136
510 1799 559 1843 &
585 1814 698 1859 137,
725 1811 775 1843 ut
803 1797 931 1861 supra
960 1798 1088 1856 dixi,
1105 1800 1334 1862 exceptis,

40 1882 65 1910 a
92 1869 139 1911 L.
158 1871 342 1914 Armaeo
368 1873 488 1915 Floro
513 1868 725 1931 scriptum
755 1871 840 1916 effe
861 1869 1003 1933 vulgo
1024 1870 1334 1930 existimatur,

40 1954 141 1984 cum
171 1939 299 1999 cujus
332 1941 456 1988 libris
492 1955 686 2004 quatuor
723 1944 945 2004 epitomes
975 1958 1125 1988 rerum
1159 1943 1331 1990 Roma-

40 2029 197 2057 narum
240 2012 468 2075 saepiffime
502 2016 702 2076 prodiit:
737 2015 816 2062 etfi
848 2016 924 2061 vel
958 2014 1089 2068 ideo,
1119 2016 1246 2079 quod
1278 2015 1329 2063 in

38 2083 107 2129 his
134 2082 317 2131 subinde
342 2104 365 2131 a
394 2088 532 2132 Livio
561 2088 779 2144 dissentit,
799 2088 1008 2136 nonnulli
1033 2089 1148 2136 duos
1175 2088 1329 2137 diver-

38 2153 108 2202 sos
127 2156 372 2204 voluerunt
404 2159 564 2206 Floros
586 2160 892 2221 comminisci,
918 2174 967 2208 ut
994 2160 1213 2208 Balthasar
1233 2162 1330 2212 Bo·-v

97 2317 109 2341 ι
147 2303 277 2343 Brevia
301 2305 416 2344 Delrii
443 2306 480 2344 in
505 2305 641 2356 Epito-
720 2308 836 2347 etiam
860 2307 1038 2357 Epitome
1057 2305 1122 2347 illa
1147 2318 1235 2346 cum
1269 2307 1325 2346 Si-

39 2371 126 2396 men
144 2358 235 2398 Livii
254 2358 395 2398 scholia
417 2361 643 2411 prodierunt
720 2361 822 2412 gonii
841 2362 873 2401 ἃ
894 2360 1012 2400 Delrii
1037 2362 1161 2411 notis,
1179 2362 1323 2401 Gener,

38 2423 126 2451 cum
162 2415 244 2462 ejus
276 2414 378 2452 notis
401 2415 439 2452 in
465 2414 641 2454 solinum
724 2417 834 2457 1606.
865 2414 900 2456 8.

32 2467 232 2518 Antwerp.
264 2481 374 2522 1571.
398 2468 434 2509 8.
464 2469 572 2509 Edita
589 2469 641 2508 cst
