1582 2793
166 194 260 252 264
517 195 1093 245 T1T1L1V11

160 300 270 348 anni
293 314 416 363 parte
440 301 702 366 languidior
725 303 864 352 ferme
884 305 1016 352 effet:
1046 304 1226 370 jamque
1251 306 1376 371 plebs
1399 307 1462 355 ita

161 375 211 422 in
245 376 476 423 tribunatu
512 394 686 440 ponere
720 378 888 442 aliquid
919 379 1041 443 spei,
1068 380 1099 427 fi
1133 381 1295 429 similes
1332 381 1463 429 Icilio

159 449 372 496 tribunos
409 450 625 498 haberet:
660 452 847 498 nomina
880 465 1055 500 tantum
1087 455 1128 502 se
1161 454 1351 502 biennio
1381 454 1464 502 ha-

160 523 318 570 buiffe.
364 523 574 571 Seniores
607 536 766 572 contra
800 526 1012 584 patrum,
1040 539 1089 573 ut
1119 527 1253 574 nimis
1286 527 1464 575 feroces

160 595 269 642 suos
302 596 482 644 credere
508 596 699 658 juvenes
728 597 840 653 effe3
867 598 928 644 ita
948 598 1111 658 malle,
1133 600 1164 645 fi
1191 600 1353 647 modus
1379 617 1464 646 ex-

163 672 392 718 cedendus
427 672 531 718 esset
551 708 563 731 ‚
594 671 713 730 suis,
746 688 878 735 quam
917 673 1178 720 adversariis
1204 710 1217 734 ‚
1248 673 1465 738 superesse

163 744 354 791 animos.
408 744 521 791 adeo
559 744 817 791 moderatio
853 745 1035 793 tuendae
1073 746 1325 806 libertatis,
1357 747 1464 794 dum

163 818 333 880 aequari
365 816 485 864 velle
516 816 768 863 simulando
798 817 857 864 ita
885 816 929 865 se
958 818 1146 883 quisque
1178 820 1359 866 extollit
1377 856 1392 880 ,
1414 831 1466 867 ut

162 892 387 954 deprimat
413 890 548 937 alium
563 927 576 949 ,
599 890 645 937 in
668 891 840 938 difficili
860 890 948 938 est:
968 894 1268 955 cavendoque
1291 910 1346 940 ne
1367 911 1466 941 me-

161 976 292 1016 tuant
329 963 540 1011 homines
562 1000 576 1020 .,
608 965 876 1012 metuendos
906 965 1029 1012 ultro
1064 965 1105 1012 se
1144 966 1379 1014 efficiunt:
1413 968 1467 1016 &

160 1034 376 1096 injuriam
405 1051 428 1082 a
458 1033 590 1081 nobis
616 1033 837 1097 repulsam
854 1071 866 1093 ,
888 1047 1102 1099 tanquam
1126 1052 1202 1084 aut
1223 1036 1369 1085 facere
1389 1047 1467 1084 aut

159 1109 256 1173 pati
287 1108 460 1155 necess'e
493 1108 570 1167 sit,
599 1106 878 1171 injungimus
910 1109 1047 1158 aliis-⁴

248 1184 409 1229 LXV1.
461 1183 517 1229 T.
558 1181 802 1242 Quinffius
837 1183 1129 1245 Capitolinus
1166 1196 1378 1248 quartum
1415 1187 1467 1234 &

163 1256 367 1321 Agrippa
399 1254 584 1313 Furius,
619 1254 828 1303 consules
860 1256 964 1303 inde
993 1255 1095 1304 faffi
1115 1293 1128 1316 ,
1163 1274 1248 1304 nec
1279 1258 1467 1306 seditio-

165 1345 270 1376 nem
294 1327 451 1386 domi,
477 1344 562 1373 nec
589 1326 704 1375 foris
726 1328 892 1374 bellum
909 1364 923 1387 ‚
950 1341 1251 1391 acceperunt:
1284 1328 1357 1376 sed
1377 1331 1467 1376 im-

164 1404 369 1452 minebat
390 1416 646 1467 utrumque.
676 1405 768 1452 Jam
797 1420 895 1450 non
916 1404 1033 1450 ultra
1054 1403 1276 1451 discordia
1295 1405 1470 1452 civium

164 1476 353 1540 reprimi
379 1489 555 1540 poterat
570 1513 584 1535 ‚
605 1478 654 1524 &
679 1476 869 1523 tribunis
888 1478 937 1524 δέ
961 1476 1092 1540 plebe
1113 1476 1296 1524 incitata
1319 1478 1366 1524 in
1386 1480 1467 1525 Pa-

164 1567 282 1610 tres,
309 1570 412 1599 cum
444 1552 536 1600 dies
562 1552 698 1599 alicui
731 1551 959 1599 nobilium
991 1552 1102 1599 dida
1130 1553 1266 1601 novis
1295 1552 1468 1616 semper

166 1624 489 1671 certaminibus
524 1623 775 1672 conciones
812 1625 1026 1671 turbaret.
1064 1625 1119 1672 ad
1144 1642 1335 1688 quarum
1371 1627 1469 1689 pri-

167 1715 292 1745 mum
317 1696 580 1759 strepitum,
604 1697 732 1745 velut
762 1697 888 1761 signo
917 1711 1108 1761 accepto
1124 1735 1139 1758 ‚
1161 1716 1281 1744 arma
1308 1715 1471 1761 cepere

170 1772 307 1835 AEqui
325 1790 376 1820 ac
399 1773 556 1821 Volsci
577 1792 587 1820 :
618 1772 747 1820 simul
778 1773 903 1836 quod
933 1773 1235 1836 persuaserant
1260 1773 1313 1820 iis
1338 1774 1475 1821 duces

168 1844 323 1907 cupidi
349 1846 628 1908 praedarum,
649 1846 836 1893 biennio
868 1858 968 1892 ante
997 1846 1217 1892 delefilum
1251 1846 1470 1894 indiElum

168 1920 327 1966 haberi
348 1937 442 1967 non
464 1920 685 1983 potuisse,
704 1918 961 1967 abnuente
950 1937 1039 1981 jam
1057 1919 1219 1982 plebe
1209 1920 1466 1982 imperium.

170 2015 216 2041 eo
245 1997 444 2056 adversis
467 1997 519 2056 Je
550 2015 637 2041 non
670 1995 747 2058 effe
777 1994 916 2060 miffbs
940 1999 1153 2043 exercitas.
1207 1994 1378 2077 diffolvi
1410 1997 1470 2041 li-

171 2086 241 2113 cell
245 2084 309 2112 ΖΖιΖ
342 2070 468 2113 mlllta
466 2070 564 2114 lfldl
596 2089 636 2114 ῘΙΖ
640 2088 760 2115 orem
813 2089 860 2114 ῘΖι
852 2088 884 2114 'C
911 2088 995 2130 pro
1030 2087 1239 2114 commuta
1264 2086 1362 2126 Jam
1385 2087 1470 2128 pa·

172 2143 256 2187 tria
281 2144 389 2187 Rom
395 2161 462 2186 vn
484 2140 566 2205 effi.
607 2145 816 2205 quidquid
845 2145 1003 2189 irarum
1013 2143 1115 2208 sm
1108 2146 1337 2205 altatzcstzqzc
1339 2160 1357 2185 e
1378 2159 1470 2186 cum

171 2218 355 2260 externis
378 2214 538 2271 suerit,
562 2219 607 2260 t'n
633 2218 747 2277 ipsos
772 2219 887 2263 verti.
926 2219 1147 2261 obcaecatos
1176 2220 1297 2274 lupos
1319 2214 1472 2278 intesti-

174 2307 233 2334 na
256 2289 368 2334 rabie
388 2289 652 2348 opprimendi
672 2290 924 2354 occasionem
943 2309 960 2333 c
995 2308 1024 2334 e.
1053 2285 1323 2348 ConjthHS
1343 2299 1471 2330 exer-

174 2360 338 2408 citibus
369 2361 576 2406 Latinum
612 2361 806 2422 primum
837 2378 992 2423 agrum
1025 2357 1317 2422 perpopulati
1339 2355 1468 2403 sunt:

174 2432 338 2479 deinde
363 2433 601 2498 postquam
624 2433 683 2478 ibi
707 2449 843 2478 nemo
867 2432 1038 2479 vindex
1060 2431 1357 2487 occurrebat,
1374 2442 1473 2476 tum

178 2523 293 2555 vero
309 2543 325 2568 ,
346 2506 670 2556 exsultantibus
689 2505 797 2554 belli
820 2504 1074 2554 aridioribus
1089 2540 1104 2566 ,
1122 2505 1176 2552 ad
1194 2503 1363 2554 moenia
1382 2502 1472 2566 ipsa
