1582 2793
142 188 207 236 60
498 194 724 243 TITI
792 199 1064 248 LIVII

142 299 327 346 moveri
355 302 543 350 vetuisse
563 321 752 366 puerum
771 343 785 364 ,
821 307 971 355 donec
992 307 1066 355 sua
1091 307 1252 372 sponte
1275 324 1439 372 exper-

139 373 288 420 refihls
319 374 438 422 effer.
474 378 592 423 Mox
620 395 729 425 cum
754 379 917 426 somno
937 382 988 427 &
1015 381 1240 428 flammam
1270 381 1439 430 ahiiffe.

141 446 262 494 Tum
286 448 479 497 abdu&o
501 451 548 497 in
570 451 791 499 secretum
811 453 919 500 viro
939 455 1192 517 Tanaquil,
1218 457 1372 502 Viden’
1394 472 1440 504 tu

133 538 308 580 puerum
333 526 467 582 lzunc,
495 525 674 588 inquit,
703 546 819 588 quem
851 544 938 573 tam
969 531 1120 576 humili
1151 535 1263 591 cultu
1289 533 1438 576 educa-

142 601 278 644 mus?
311 604 425 646 Scire
454 604 576 658 licet,
609 602 719 646 hunc
744 605 882 647 lumen
909 606 1120 664 quondam
1145 607 1260 650 rebus
1291 606 1440 672 nostris

141 674 283 719 dubiis
291 674 492 733 ficturum
513 711 527 730 ,
554 675 872 738 praefidiumque
903 679 1020 737 regiae
1045 676 1220 739 affliflae.
1258 680 1440 739 proinde

141 750 349 792 materiem
372 750 554 810 ingentis
567 750 732 809 publice
744 751 1027 810 privatimque
1046 753 1204 797 decoris
1233 756 1351 798 omni
1368 756 1437 798 in-

140 821 358 880 dulgentia
376 823 514 887 nostra
535 823 786 867 nutriamus.
816 820 923 867 Inde
945 838 1133 884 puerum
1156 822 1350 872 liberum
1370 823 1439 870 lo·

139 907 199 937 co
220 904 424 954 coeptum
452 892 636 951 haberi,
655 893 916 958 erudirique
943 896 1145 954 artibus,
1175 897 1340 961 quibus
1367 898 1442 944 in·-

139 964 270 1028 genia
293 965 349 1012 ad
379 982 556 1029 magnae
581 966 780 1015 fortunae
810 969 982 1016 cultum
1010 971 1279 1019 excitantur.
1317 973 1440 1019 Eve-

140 1037 210 1084 nit
229 1037 386 1098 facile,
417 1039 545 1103 quod
565 1039 669 1087 Diis
691 1042 821 1088 cordi
841 1042 961 1091 effet.
992 1045 1014 1091 J
1018 1045 1182 1092 uvenis
1201 1044 1343 1094 evafit
1359 1062 1439 1093 ve-

137 1130 189 1161 re
220 1114 389 1163 indolis
423 1116 571 1180 regiae.
606 1133 692 1165 nec
709 1153 722 1175 ,
746 1135 849 1165 cum
873 1131 1153 1182 quaereretur
1173 1137 1310 1184 gener
1326 1122 1440 1169 Tar-

141 1187 305 1251 quinio
319 1225 333 1247 ,
347 1188 580 1253 quisquam
594 1191 818 1238 Romanae
830 1191 1083 1253 juventutis
1103 1194 1195 1241 ulla
1214 1207 1306 1242 arte
1326 1211 1441 1242 con-

140 1262 248 1310 ferri
272 1264 450 1326 potuit:
479 1263 712 1328 filiamque
736 1266 777 1312 ei
804 1266 925 1313 suam
954 1284 1034 1314 rex
1062 1267 1317 1331 despondit.
1352 1269 1441 1316 Hie

143 1356 414 1402 quacunque
445 1340 499 1387 de
527 1341 654 1387 causa
682 1353 831 1389 tantus
868 1342 935 1388 illi
961 1343 1115 1390 honos
1136 1344 1311 1391 habitus
1342 1359 1441 1390 cre-

143 1411 249 1458 dere
276 1414 518 1475 prohibet,
544 1414 673 1461 serva
706 1428 860 1462 natum
895 1432 997 1462 eum
1014 1452 1027 1473 ‚
1059 1431 1346 1479 parvumque
1372 1414 1442 1477 ip-

142 1484 239 1532 sum
259 1485 450 1536 servisse.
469 1491 641 1536 Eorum
662 1490 801 1552 magis
818 1488 1049 1537 sententiae
1070 1488 1189 1547 sum,
1205 1488 1307 1553 qui,
1323 1488 1443 1534 Cor-

143 1558 304 1606 niculo
338 1577 475 1623 capto
491 1598 504 1620 ‚
532 1563 623 1608 Ser.
647 1559 824 1620 Tullii,
848 1562 926 1625 qui
949 1561 1157 1625 princeps
1188 1561 1236 1608 in
1265 1560 1343 1607 illa
1362 1577 1440 1606 ur·-

143 1633 200 1680 be
234 1635 381 1681 fuerat
395 1673 411 1693 ,
443 1636 676 1700 gravidam
695 1636 803 1683 viro
824 1635 982 1683 occiso
1003 1651 1193 1682 uxorem
1210 1671 1224 1692 ,
1248 1651 1352 1682 cum
1374 1634 1442 1680 in-

144 1718 214 1753 ter
242 1709 435 1773 reliquas
458 1709 664 1771 captivas
696 1708 880 1772 cognita
908 1707 1014 1754 effet
1029 1743 1043 1763 ‚
1068 1707 1132 1752 ob
1148 1706 1328 1753 unicam
1352 1722 1441 1753 no-

144 1782 365 1830 bilitatem
396 1784 450 1830 ab
478 1784 631 1847 regina
649 1784 858 1829 Romana
884 1781 1159 1844 prohibitam
1181 1779 1330 1827 ferunt
1350 1780 1441 1826 ser—

145 1856 292 1915 vitio,
321 1868 500 1920 partum
523 1858 687 1904 Romae
705 1855 914 1914 edidisse,
944 1854 1083 1901 Prisci
1099 1853 1342 1917 Tarquinii
1359 1853 1444 1899 do-

143 1946 239 1979 mo.
271 1931 380 1978 Inde
412 1942 542 1978 tanto
571 1929 799 1978 beneficio
833 1931 882 1979 &
911 1929 1029 1977 inter
1051 1928 1274 1975 'mulieres
1308 1926 1443 1973 fami-

144 2003 384 2051 liaritatem
418 2005 592 2052 aussam
609 2041 623 2064 ‚
648 2005 699 2052 δι
719 2020 909 2067 puerum
926 2039 940 2062 ‚
967 2014 1017 2049 ut
1037 2002 1085 2048 in
1114 2002 1256 2048 domo
1284 2018 1310 2048 a
1337 2017 1444 2063 par-

145 2092 214 2123 vo
239 2077 472 2135 edufium‚
504 2078 552 2124 in
584 2077 768 2125 caritate
795 2090 930 2141 atque
955 2076 1138 2123 honore
1165 2073 1318 2121 fuiffe:
1341 2073 1443 2119 for-

144 2161 302 2196 tunam
336 2152 522 2208 matris,
559 2151 687 2215 quod
707 2161 838 2214 capta
870 2150 1011 2214 patria
1040 2151 1086 2196 in
1114 2148 1314 2195 hostium
1345 2164 1443 2194 ma-

145 2240 229 2269 nus
249 2224 455 2283 venerit,
490 2237 540 2271 ut
561 2224 688 2274 serva
709 2238 838 2272 natus
869 2225 1124 2272 crederetur
1139 2258 1154 2280 ,
1176 2221 1339 2269 feciffe.

212 2297 311 2343 XL.
342 2298 859 2362 Duodequadragefimo
889 2296 1028 2342 ferme
1063 2311 1218 2352 anno,
1254 2310 1311 2340 ex
1343 2310 1442 2358 quo

144 2384 333 2432 regnare
356 2382 559 2433 coeperat
575 2370 878 2434 Tarquinius,
909 2386 1004 2416 non
1028 2369 1147 2431 apud
1171 2383 1323 2432 regem
1341 2382 1443 2413 mo-

142 2445 234 2504 do,
256 2444 332 2492 sed
354 2445 472 2508 apud
491 2445 640 2490 Patres
663 2442 1114 2507 plebemque‚longe
1133 2441 1336 2488 maximo
1357 2439 1442 2487 ho-

147 2534 262 2566 nore
281 2519 375 2566 Ser.
395 2517 576 2567 Tullius
600 2529 704 2565 erat.
733 2519 856 2566 Tum
875 2515 994 2564 Anci
1024 2514 1104 2561 filii
1133 2515 1226 2562 duo
1255 2512 1336 2561 ets1
1357 2528 1442 2561 an-
