1680 2803
261 153 400 187 :xvm
634 142 858 187 TIT]
924 144 1219 189 LIVII

260 248 333 296 bri
362 263 506 311 nuper
533 247 583 296 in
607 249 878 309 Germania,
912 250 961 296 in
994 250 1104 297 urbe
1133 249 1413 300 Wormatiae
1445 266 1566 303 trans

258 331 472 378 Rhenum
487 367 502 390 ‚
522 349 546 378 a
567 331 753 378 Simone
771 334 984 397 Grynaeo
1012 333 1060 380 in
1084 334 1365 383 Bibliotheca
1395 353 1565 385 mona-2

258 414 381 462 sterii
413 414 659 463 Lauriffeni
685 416 866 478 reperti.

323 537 636 602 Corrigendus
677 539 800 586 enim
840 540 968 589 isthic
1010 540 1073 588 est
1112 542 1443 603 Scardeonhrs,
1477 546 1561 610 qui
1629 574 1631 578 .

257 620 396 670 hosce
423 622 566 670 libros
596 623 643 670 in
676 622 923 687 provincia
944 624 1217 671 Wormatiae
1246 639 1450 689 repertos
1471 640 1559 675 tra-

253 704 383 752 didit.
404 706 626 754 NVormbs
651 706 773 753 enim
795 706 957 753 civitas
977 707 1039 753 est
1061 709 1102 753 V
1107 708 1372 771 angiorum,
1391 726 1479 773 qua
1502 711 1558 758 de

254 788 465 836 videatur
508 790 556 836 P.
587 788 762 836 Bertius
798 789 875 837 lib.
910 791 968 837 111
997 807 1149 837 rerum
1181 792 1558 841 Germanicarum

250 871 393 920 Com.

329 1005 470 1051 Anno
505 1003 688 1050 demum
727 1016 1056 1053 eloccccxw
1087 1003 1251 1050 Romae
1287 1020 1312 1049 a
1348 1002 1554 1067 Gasparo

252 1086 515 1150 Lufignano
540 1085 713 1133 editum
733 1087 795 1134 est
815 1086 1113 1150 fragmentum
1137 1085 1211 1132 lib.
1236 1085 1380 1132 XLIII
1400 1085 1555 1134 Livia-

250 1187 324 1216 nae
360 1169 602 1228 Historiae,
629 1168 919 1232 depromtum
958 1185 1015 1215 ex
1050 1168 1227 1214 Codice
1257 1167 1439 1214 vetusto
1474 1168 1552 1215 Bi-

250 1251 495 1299 bliothecae
530 1251 803 1300 venerabilis
847 1249 1047 1313 Capituli
1086 1249 1296 1297 Ecclefiae
1336 1250 1552 1297 Bamber-

251 1335 415 1399 genfis,
437 1335 632 1399 indeque
653 1335 848 1381 Romam
870 1350 893 1379 a
915 1332 1150 1380 Francisco
1173 1331 1442 1379 BarthoIino
1464 1335 1550 1380 Ur-

250 1418 405 1465 binate
423 1419 459 1465 J.
480 1418 534 1464 C.
552 1417 746 1463 delatum
761 1453 775 1476 ‚
796 1416 923 1480 quod
940 1416 1008 1462 uti
1028 1415 1275 1479 genuinum
1289 1451 1305 1473 ,
1326 1414 1551 1463 virtutum

249 1500 491 1559 omnium,
524 1499 785 1563 Principum
804 1535 819 1559 ‚
850 1497 1163 1546 Cardinalium
1193 1499 1243 1545 &
1272 1494 1549 1545 Pontificum

250 1583 504 1631 multorum
549 1584 689 1647 gratia
725 1583 799 1629 vir
846 1582 982 1645 longe
1025 1581 1284 1628 clariffimus
1327 1584 1548 1628 Antonius

253 1668 545 1729 Quaerengus‚
589 1667 867 1722 patavinus,
914 1664 1048 1712 seculi
1092 1664 1234 1710 nostri
1276 1665 1410 1710 Maro
1439 1699 1454 1721 ,
1496 1665 1548 1712 &

250 1748 481 1813 utriusque
508 1748 754 1812 Signaturae
780 1746 1153 1805 ReferendariuS,
1175 1746 1343 1811 aliique
1372 1746 1461 1794 viri
1490 1763 1549 1794 ex

250 1832 497 1879 Germania
518 1830 860 1895 praestantissimi
886 1830 1158 1894 probavere.
1186 1830 1276 1876 Etfi
1296 1829 1426 1876 aliter
1444 1846 1549 1877 ver-

250 1914 322 1961 bis
351 1915 442 1962 istis
477 1914 660 1962 senserit
692 1914 874 1961 Voffius
905 1913 982 1960 lib.
1017 1916 1068 1972 Ι,
1090 1930 1188 1977 cap.
1222 1913 1338 1959 XIX
1373 1913 1428 1959 de
1461 1912 1545 1960 Hi·

249 1995 429 2044 storicis
459 1998 659 2045 Latinis:
711 2002 778 2043 At
813 2001 882 2059 qui
913 2016 1070 2059 nuper,
1103 2013 1306 2058 tanquam
1336 1997 1452 2044 Livii
1473 2014 1546 2058 ge-

251 2088 426 2130 nuinam
446 2121 460 2142 ‚
495 2088 594 2132 libri
631 2090 792 2133 XLIII
810 2103 975 2147 partem
1015 2088 1240 2145 majorem,
1268 2106 1287 2132 e
1314 2089 1459 2143 veteri,
1497 2101 1545 2131 ut

252 2171 340 2226 ait,
377 2171 621 2215 bibliotheca
644 2205 658 2227 ‚
686 2171 854 2230 primus
879 2169 1001 2226 juris
1027 2172 1191 2230 publici
1214 2169 1322 2228 fecit
1342 2205 1356 2227 ‚
1388 2188 1451 2215 me
1485 2172 1544 2215 il-

250 2255 286 2296 le
310 2251 461 2309 siccum
484 2253 591 2311 fecit
621 2255 770 2299 auritis
800 2254 940 2298 Midis
963 2288 977 2309 ,
1000 2271 1086 2298 non
1119 2255 1240 2309 illis,
1271 2254 1420 2313 quibus
1452 2271 1545 2299 cor—

251 2337 355 2379 culis
387 2334 458 2398 effe
487 2339 632 2381 dacum
665 2337 747 2403 est,
779 2333 820 2382 δ’
847 2322 918 2397 iqui
941 2353 1097 2382 norunt
1109 2372 1126 2393 ,
1152 2339 1257 2397 quid
1275 2354 1355 2383 atra
1382 2336 1541 2397 lupinis

251 2421 297 2463 di
332 2434 409 2466 ent.
