1582 2793
184 233 274 262 220
535 217 1093 267 TITILIVII

179 325 342 372 Sestius
362 325 663 388 Capitolinus.
692 328 851 391 Neque
879 345 935 375 eo
963 346 1084 375 anno
1106 329 1350 393 quidquam
1373 329 1469 376 bel-

177 400 209 444 li
250 399 426 445 externi
465 398 563 446 fuit.
615 400 739 446 domi
771 414 921 446 motus
963 401 1067 447 orti.
1115 403 1209 449 Jam
1243 402 1468 449 redierant

177 474 312 536 legati
348 491 454 521 cum
477 474 637 522 Atticis
671 474 857 536 legibus.
903 491 960 520 eo
996 475 1212 522 intentius
1244 477 1466 524 instabant

175 548 370 604 tribuni,
394 560 442 594 ut
462 551 639 596 tandem
666 548 998 595 scribendarum
1019 550 1165 612 legum
1187 550 1364 598 initium
1387 550 1467 599 fie-

177 633 262 667 ret.
318 621 469 668 Placet
507 622 650 669 creari
695 622 981 668 decemviros
1027 623 1117 669 fine
1159 627 1466 686 provocatio-

178 692 268 751 ne,
302 696 352 742 &
390 712 446 741 ne
484 697 583 758 quis
619 712 675 742 eo
713 712 835 741 anno
877 697 987 744 alius
1026 698 1302 761 magistratus
1346 700 1466 749 effer.

177 766 601 813 Admiscerenturne
631 766 823 829 plebeji‚
849 770 1161 816 controversia
1191 770 1464 834 aliquamdiu

179 837 275 886 fuit.
317 839 546 902 postremo
585 841 840 887 concefl'um
872 842 1102 901 Patribus,
1130 845 1272 890 modo
1302 861 1358 890 ne
1390 845 1465 892 lex

174 913 297 960 lcilia
342 912 394 958 de
431 912 699 972 Aventino,
729 913 915 977 aliae‘que
956 913 1134 962 sacratae
1170 916 1287 982 leges
1326 918 1464 968 abre-2,

173 997 401 1049 garentur.

240 1062 450 1107 XXXIII.
485 1062 622 1108 Anno
652 1060 965 1109 trecentesimo
986 1062 1127 1109 altero
1147 1099 1161 1121 ,
1183 1079 1317 1126 quam
1349 1080 1462 1112 con·

174 1132 266 1177 dita
296 1133 443 1178 Roma
476 1145 595 1190 erat,
628 1133 790 1178 iterum
825 1146 1023 1181 mutatur
1053 1135 1198 1182 forma
1232 1137 1460 1197 civitatis,

173 1206 229 1253 ab
267 1206 525 1253 consulibus
560 1207 617 1253 ad
651 1206 966 1266 decemviros,
997 1210 1372 1273 quemadmodum
1405 1213 1461 1259 ab

174 1280 352 1342 regibus
373 1292 474 1326 ante
503 1280 558 1326 ad
580 1280 785 1328 consules
813 1296 1030 1341 venerat,
1063 1285 1277 1331 translato
1313 1286 1460 1349 impe-

173 1352 257 1398 rio.
294 1354 444 1398 Minus
479 1352 690 1417 insignis,
722 1353 829 1416 quia
857 1371 954 1401 non
990 1356 1234 1413 diuturna,
1264 1359 1459 1405 mutatio

174 1424 269 1472 suit.
324 1426 422 1472 laeta
460 1425 580 1472 enim
614 1425 837 1489 principia
872 1428 1152 1492 magistratus
1193 1429 1288 1491 ejus
1325 1430 1460 1478 nimis

171 1498 473 1545 luxuriavere.
505 1515 561 1545 eo
592 1499 722 1546 citius
745 1499 861 1563 lapsa
893 1518 963 1549 res
983 1502 1074 1560 est,
1101 1504 1456 1566 repetitumque,
1478 1492 1485 1500 ί

172 1573 350 1620 duobus
370 1572 437 1619 uti
452 1573 736 1619 mandaretur
755 1572 991 1620 consulum
1012 1591 1182 1623 nomen
1200 1576 1460 1639 imperium-

171 1663 272 1708 que.
305 1646 570 1694 Decemviri
591 1645 728 1693 creati
748 1649 833 1709 Ap.
858 1647 1097 1703 Claudius,
1121 1648 1176 1695 T.
1194 1648 1426 1697 Genucius
1441 1685 1457 1709 ,

169 1718 217 1764 P.
239 1717 400 1764 Sestius
416 1754 429 1776 ,
449 1719 497 1764 L.
518 1718 728 1765 Veturius
742 1755 756 1777 ‚
778 1719 833 1764 C.
853 1719 993 1766 Julius
1009 1756 1024 1779 ,
1047 1723 1099 1766 A.
1123 1721 1344 1779 Manlius,
1361 1722 1457 1769 Ser.

171 1790 418 1853 Sulpicius,
451 1793 497 1838 P.
527 1791 776 1847 Curiatius,
805 1792 861 1839 T.
891 1791 1116 1839 Romilius
1135 1827 1149 1851 ,
1185 1794 1259 1854 Sp.
1293 1792 1457 1840 Postu-

169 1865 299 1912 mius.
332 1865 528 1912 Claudio
559 1867 607 1914 &
639 1866 850 1914 Genucio
870 1903 884 1925 ,
917 1866 1025 1930 quia
1049 1866 1262 1930 designati
1293 1866 1458 1913 consu-

170 1936 233 1983 les
254 1938 301 1984 in
329 1955 430 1984 eum
459 1956 628 1986 annum
649 1939 824 1986 fuerant
840 1976 854 1998 ,
875 1956 961 2003 pro
987 1940 1165 1987 honore
1190 1941 1339 1987 honos
1357 1939 1456 1986 red-

170 2008 289 2055 ditus
311 2027 321 2055 :
352 2011 401 2057 &
421 2009 561 2057 Sestio
582 2011 709 2058 alteri
737 2010 973 2059 consulum
992 2011 1157 2074 prioris
1175 2011 1307 2070 anni,
1330 2010 1458 2072 quod

169 2098 267 2128 eam
303 2099 395 2128 rem
432 2085 606 2149 collega
645 2086 795 2134 invito
832 2086 886 2132 ad
922 2087 1071 2132 Patres
1105 2085 1327 2132 retulerat.
1376 2084 1459 2130 His

170 2156 369 2218 proximi
400 2157 538 2205 habiti
577 2160 706 2222 legati
736 2172 849 2218 tres,
879 2159 955 2223 qui
978 2159 1172 2205 Athenas
1198 2158 1354 2204 ierant.
1395 2157 1455 2203 fi-

170 2228 265 2274 mul
294 2241 345 2275 ut
377 2246 460 2292 pro
491 2232 713 2294 legatione
744 2246 835 2279 tam
863 2232 1111 2296 longinqua
1139 2232 1326 2294 praemio
1350 2231 1458 2278 effet

170 2301 324 2349 honos
345 2320 356 2348 :
389 2302 517 2349 simul
538 2306 706 2366 peritos
729 2306 876 2368 legum
905 2304 1237 2368 peregrinarum
1263 2304 1318 2350 ad
1338 2320 1455 2350 con-

170 2374 312 2422 denda
350 2393 475 2425 nova
503 2376 600 2438 jura
629 2378 724 2424 usui
756 2378 852 2426 fore
885 2379 1135 2425 credebant.
1179 2378 1455 2439 Supplevere

171 2447 308 2495 ceteri
333 2464 583 2497 numerum.
617 2452 795 2497 Graves
823 2467 1008 2514 quoque
1030 2462 1156 2496 aetate
1178 2451 1343 2497 electos
1361 2465 1453 2495 no·-

170 2519 357 2569 viffimis
376 2520 592 2587 suffragiis
617 2521 787 2585 ferunt,
803 2539 897 2588 quo
921 2522 1068 2571 minus
1096 2522 1310 2572 ferociter
1337 2521 1454 2570 alio·v
