1680 2803
593 170 640 211 V
680 167 707 209 Ι
758 167 799 210 Τ
831 170 892 212 A.
1293 182 1419 217 [xix

185 272 385 319 LIVIAE
417 271 475 318 T.
508 274 554 319 F.
591 273 901 332 QUARTAE
939 275 988 319 L.
1029 275 1276 341 HALYS.]
1311 279 1423 326 Haec

115 363 275 413 quai-ta
316 350 435 397 Livii
465 348 556 398 filia
595 350 706 407 fuit,
737 364 786 398 ut
818 351 907 412 jam
949 352 1226 402 observavi:
1264 359 1340 415 &‚
1371 370 1424 405 ut

118 434 255 481 docet
281 433 531 479 panvinius
560 442 604 491 ¹,
638 434 796 479 LIVIA
836 431 892 478 T.
928 434 973 478 F.
1012 434 1273 492 QUARTA
1302 453 1424 498 nup·-

117 513 171 559 sit
202 514 250 559 L.
274 511 455 557 HALY.
492 510 706 558 Sic‘enim
739 510 878 558 credo
902 528 1003 558 cum
1026 511 1305 558 Scardeonio
1326 516 1424 562 haec

117 592 402 654 explananda
429 591 513 637 effe
536 609 549 647 3
580 608 673 639 non
696 605 843 638 autem
871 593 1046 638 LWIAE
1068 592 1125 640 T.
1150 595 1195 640 F.
1216 595 1421 654 QUAR-

116 673 218 720 TAE
253 672 543 718 LEGIONIS
572 671 795 727 HALYS3
823 683 897 729 ut,
929 671 1037 727 teste
1067 672 1347 721 Scardeonio
1373 685 1423 735 2,

117 752 318 799 Blondus
347 751 524 798 Flavius
557 751 611 797 de
642 750 765 796 ltalia
798 750 1010 800 illustrata
1048 753 1231 801 censuit.
1291 756 1424 804 Scar-

121 834 317 883 deonius
343 843 358 875 3
382 833 503 880 enim
531 849 643 880 vere
674 833 894 892 affirmat,
915 835 1042 898 quod
1063 836 1202 900 Legio
1229 854 1327 885 non
1353 838 1422 886 so-

118 917 160 965 la
181 916 308 963 litera
330 917 393 972 L,
412 913 484 962 sed
505 916 640 961 LEG.
662 914 708 960 in
727 915 1034 962 monumentis
1056 917 1422 979 exprimebat11r3

119 1000 170 1048 &
188 997 314 1061 quod
331 995 470 1060 Legio
497 1008 653 1060 quarta
673 1013 769 1043 non
790 996 935 1061 Halys
951 1034 967 1057 ,
985 997 1059 1044 secl
1082 998 1299 1063 Scythica
1326 1014 1423 1049 erat

120 1080 234 1128 dicta
256 1096 270 1136 ;
289 1090 339 1126 ut
370 1078 417 1125 in
451 1079 650 1143 quodam
682 1096 738 1125 ex
763 1079 927 1126 nostris
959 1081 1219 1144 epitaphii5‚
1241 1083 1288 1129 in
1310 1084 1422 1132 vico

119 1163 248 1211 Putei
268 1162 484 1210 Vitaliani
507 1162 591 1208 fito
607 1198 620 1220 ‚
639 1162 718 1209 suo
738 1174 946 1227 tempore
965 1164 1301 1213 declarabimus.
1331 1168 1423 1214 Sit-

120 1264 178 1294 ne
210 1262 327 1295 vero
356 1248 405 1293 L.
431 1246 631 1292 HALYS
662 1245 767 1304 ille,
792 1245 874 1309 qui
900 1248 950 1294 &
981 1249 1030 1294 L,
1059 1249 1239 1313 Magius
1269 1251 1422 1313 appe}-

119 1330 262 1388 latur‚
291 1345 429 1393 gener
456 1328 515 1375 T.
534 1326 680 1387 Livii,
699 1327 930 1393 socerique
952 1329 1077 1377 causa
1104 1331 1426 1382 laudatiffimus

122 1412 302 1459 Rhetor
317 1447 332 1471 ‚
354 1413 409 1458 de
430 1428 526 1475 quo
547 1412 715 1460 Seneca
737 1423 757 1452 4
771 1450 787 1471 ,
815 1413 1009 1476 prudens
1035 1413 1145 1461 sileo
1163 1449 1177 1473 ,
1199 1431 1302 1462 cum
1327 1432 1423 1465 cer-

123 1495 161 1542 ti
195 1494 307 1541 nihil
336 1495 536 1541 habeam.
584 1495 788 1542 Eundem
820 1508 971 1542 tamen
1005 1497 1090 1544 effe
1121 1498 1422 1547 Scardeonius

125 1587 141 1621 5
168 1577 345 1626 afferit:
382 1580 516 1642 Quod
541 1595 677 1624 autem
707 1579 871 1627 Lucius
900 1580 1079 1644 Magius
1110 1579 1152 1628 G·
1178 1581 1324 1646 Halys
1346 1603 1424 1645 ap-

114 1666 325 1725 pelletur,
346 1665 518 1708 minime
551 1663 777 1724 abficrdum
808 1665 943 1710 videri
967 1666 1081 1711 debet
1098 1682 1117 1710 :³
1150 1684 1241 1712 cum
1269 1671 1319 1713 ia'
1329 1667 1422 1726 stre

124 1747 286 1792 civibus
315 1747 529 1792 Romanis
559 1750 806 1804 conveniat,
832 1763 880 1794 ut
913 1750 1043 1795 tribus
1070 1752 1311 1796 nominibus
1349 1753 1425 1796 in·-

110 1830 366 1892 scribantur.
411 1831 570 1876 Diflus
603 1846 740 1876 autem
773 1830 826 1895 ss
860 1829 1003 1895 Halys
1033 1833 1086 1877 ab
1124 1832 1247 1896 Haly
1274 1833 1423 1897 fluvio

122 1911 170 1959 δ’
189 1915 433 1974 cognomine
451 1915 678 1974 Hispano,
700 1916 808 1959 unde
823 1913 938 1972 forte
961 1914 1170 1975 profit-‘lus
1196 1934 1293 1963 erat.
1331 1917 1428 1964 Pro

122 1993 356 2041 sententiae
376 1994 465 2042 suae
487 1994 784 2042 fundamento
803 1995 1086 2059 epitaphium
1107 1998 1428 2062 Saguntinum,

123 2078 181 2125 ab
213 2077 391 2125 Achille
414 2078 558 2124 Statio
586 2077 799 2125 Lufitano
830 2091 1061 2141 receptum
1080 2116 1093 2138 ,
1119 2079 1190 2127 sed
1216 2082 1425 2129 mutilum
1456 2130 1461 2132 ,

123 2158 282 2208 affert:
320 2160 448 2224 quod
478 2172 529 2208 ut
557 2161 783 2226 integrum
819 2161 1060 2222 habeatur,
1090 2163 1149 2213 sic
1184 2165 1428 2228 legendum

123 2258 183 2290 ex
221 2244 427 2290 Grutero
453 2244 499 2291 ⁶:

186 2385 202 2411 1
230 2371 289 2411 De
318 2373 441 2424 Antiq.
475 2375 595 2417 Norm
857 2374 944 2424 4111
962 2375 1071 2426 Epist.
1093 2375 1159 2416 lib.
1181 2390 1212 2427 5.
1233 2376 1421 2417 contro-xa

183 2441 206 2465 2
240 2426 326 2466 Lib.
356 2427 386 2466 Ι.
422 2427 530 2468 Clafl'.
559 2442 589 2481 3.
859 2444 876 2482 5
912 2430 1018 2469 Loco
1052 2432 1185 2470 citato.

185 2493 205 2534 3
235 2480 279 2520 ln
310 2481 464 2524 March.
489 2482 633 2525 Tarvis.
855 2485 881 2526 6
915 2483 997 2526 Pol
1025 2486 1119 2538 778.
1149 2498 1186 2523 n.
1220 2497 1260 2525 α.

1082 2564 1150 2612 Εἰ
