1582 2793
296 212 903 262 HISTORIARUM
952 213 1086 258 LIB.
1122 213 1218 258 ιιι.
1327 213 1412 273 263

114 325 316 392 legatum
353 322 633 388 cupiditate,
661 321 825 385 pariter
859 321 1062 368 Patribus
1097 321 1308 385 plebique
1343 338 1419 370 ac-

117 413 309 465 ceptus,
341 397 603 462 magistratu
634 395 758 443 abiit.
777 418 815 447 ,x

182 474 327 520 LXV.
359 470 491 518 Novi
519 469 690 517 tribuni
720 467 864 533 plebis
896 468 943 515 in
975 469 1249 530 cooptandis
1284 467 1421 515 colle-

118 547 184 613 gis
217 549 398 594 Patrum
431 547 724 594 voluntatem
762 543 996 592 foverunt.
1033 543 1148 589 duos
1179 543 1313 589 etiam
1349 559 1424 604 pa-

117 620 276 668 tricios
313 618 696 683 consularesque,
731 618 807 680 Sp.
838 614 1114 679 Tarpeium,
1144 617 1194 661 &
1226 617 1277 661 A.
1313 617 1423 660 Ate—

116 692 271 752 rium,
306 704 604 756 cooptavere.
659 689 883 737 Consules
923 688 1094 746 creati,
1126 690 1210 734 Lar
1242 687 1424 733 Hermi·

119 767 222 816 nius
238 803 252 826 ,
273 768 328 815 T.
351 768 585 832 Virginius
607 766 1010 824 (kaelimontanus,
1037 763 1150 811 nihil
1178 779 1425 826 magnope-

118 858 168 890 re
205 842 261 888 ad
294 842 480 888 Patrum
507 852 588 888 aut
621 839 764 903 plebis
801 838 977 886 causam
1015 837 1250 895 inclinati,
1278 837 1425 884 otium

118 916 246 963 domi
277 933 329 963 ac
358 915 470 963 foris
502 915 713 962 habuere.
742 916 790 961 L.
815 913 1077 962 Trebonius
1103 913 1312 960 tribunus
1335 913 1428 976 ple-

119 992 216 1051 bis,
247 992 432 1039 infestus
464 991 694 1049 Patribus,
726 990 854 1053 quod
886 988 927 1035 se
957 989 1013 1035 ab
1042 988 1095 1035 iis
1125 988 1169 1034 in
1203 1002 1428 1051 cooptan-

119 1067 187 1113 dis
213 1066 407 1114 tribunis
443 1066 600 1113 fraude
638 1076 847 1127 captum,
879 1064 1111 1126 proditum
1144 1081 1169 1110 a
1205 1064 1394 1127 collegis
1414 1100 1430 1124 ‚

122 1137 270 1200 ajebat
290 1176 304 1198 ‚
330 1139 622 1203 rogationem
656 1137 789 1195 tulit,
812 1155 858 1184 ut
893 1142 966 1199 qui
989 1140 1150 1199 plebem
1182 1139 1428 1182 Romanam

121 1216 312 1259 tribunos
334 1216 450 1274 plebi
476 1229 638 1275 rogaret
657 1248 670 1270 ‚
699 1215 737 1258 is
766 1213 891 1273 usljue
921 1231 967 1258 eo
999 1227 1161 1273 rogaret
1180 1247 1194 1266 ,
1224 1214 1324 1256 dum
1361 1213 1434 1256 de-

122 1306 206 1333 cem
233 1289 427 1333 tribunos
453 1289 569 1349 plebi
587 1286 748 1346 faceret
765 1305 784 1342 ,⁶
814 1284 1166 1347 infestandisque
1193 1284 1398 1331 Patribus
1417 1320 1432 1342 ‚

122 1360 244 1407 unde
276 1359 452 1423 Aspero
483 1359 616 1406 etiarn
649 1359 842 1406 inditum
875 1359 938 1406 est
969 1374 1259 1422 cognomen,
1288 1357 1434 1404 tribu-

122 1443 279 1476 natum
297 1429 434 1493 gestit.
461 1429 570 1475 Inde
593 1429 658 1475 M.
683 1428 914 1494 Geganius
937 1428 1193 1475 Macerinus
1214 1429 1264 1474 ὃς
1282 1428 1336 1473 C.
1355 1429 1433 1475 Ju-

122 1501 233 1561 lius,
253 1500 460 1550 consules
482 1501 614 1559 stiffi,
643 1501 874 1548 coitiones
901 1500 1193 1548 tribunorum
1220 1500 1433 1547 adversus

123 1576 353 1624 nobilium
370 1574 661 1638 juventutem
676 1587 816 1633 ortam,
832 1575 922 1621 fine
938 1572 1233 1620 inspiratione
1249 1573 1434 1637 potesta-

124 1650 183 1698 tis
200 1650 322 1713 ejus,
341 1649 610 1698 conservata
631 1647 854 1710 majestate
875 1650 1078 1706 patrum,
1095 1647 1320 1694 sedavere.
1341 1647 1432 1710 ple-

122 1724 255 1782 bem,
289 1723 474 1771 decreto
501 1723 557 1770 ad
587 1722 757 1770 bellum
785 1720 1061 1768 Volscorum
1095 1721 1145 1767 &
1174 1721 1433 1784 AEquorum

125 1798 326 1857 delessu,
350 1797 612 1845 sustinendo
638 1814 762 1856 rem,
783 1796 840 1843 ab
871 1796 1167 1843 seditionibus
1196 1796 1432 1843 continue-

125 1889 173 1919 re
195 1889 205 1918 :
224 1873 405 1920 urbano
433 1888 623 1936 quoque
643 1870 746 1918 otio
768 1869 882 1918 foris
904 1870 1059 1917 omnia
1086 1869 1328 1933 tranquilla
1346 1869 1432 1916 effe

128 1947 428 2004 affirmantes,
452 1962 532 2009 per
557 1944 801 1998 discordias
835 1943 996 1991 civiles
1027 1956 1243 1990 externos
1273 1942 1432 1990 tollere

128 2021 322 2068 animos.
367 2020 491 2066 Cura
530 2019 654 2082 pacis
685 2018 950 2066 concordiae
990 2034 1177 2082 quoque
1214 2016 1434 2065 intestinae

129 2111 208 2142 cau
217 2094 258 2141 sa
278 2092 376 2141 fuit.
393 2094 480 2141 Sed
497 2093 608 2141 alter
630 2092 802 2156 semper
823 2092 942 2139 ordo
963 2091 1109 2155 gravis
1138 2091 1315 2138 alterius
1335 2107 1433 2136 mo-

129 2169 279 2216 destiae
308 2180 411 2216 erat.
443 2167 693 2232 quiescenti
721 2166 925 2230 plebiab
961 2164 1218 2227 junioribus
1253 2168 1432 2212 Patrurn

129 2240 307 2301 injuriae
340 2239 436 2288 fieri
473 2252 653 2303 coeptae.
696 2238 774 2286 ubi
804 2238 977 2286 tribuni
1014 2238 1185 2285 auxilio
1219 2238 1431 2284 humilio·

131 2315 253 2363 ribus
276 2315 445 2374 essent,
464 2314 510 2360 in
534 2313 690 2377 primis
719 2331 878 2377 parum
907 2313 1150 2376 proderat:
1187 2310 1346 2358 deinde
1377 2327 1432 2357 ne

131 2389 211 2452 ipsi
233 2388 414 2452 quidem
436 2386 648 2436 inviolati
673 2398 800 2434 erant
818 2423 832 2446 ‚
853 2387 1008 2450 utique
1039 2384 1276 2450 postremis
1302 2401 1431 2432 men·-

130 2462 277 2520 fibus,
312 2477 414 2508 cum
449 2462 500 2508 &
533 2477 613 2523 per
652 2460 880 2508 coitiones
919 2459 1233 2524 potentiorum
1268 2456 1432 2518 injuria

127 2534 282 2597 fieret,
309 2537 358 2585 ὅ(
388 2536 458 2585 vis
484 2535 716 2600 potestatis
739 2536 891 2583 omnis
917 2535 1154 2598 aliquanto
1180 2532 1430 2596 posteriore

1043 2610 1083 2654 R
1119 2626 1150 2668 4
