1582 2793
159 159 248 220 133
506 157 1080 206 T1T1L1V11

151 278 221 314 rat
250 266 391 316 circo.
440 268 582 330 coepti
616 267 720 315 inde
752 267 874 327 ludi,
909 268 1037 315 velut
1070 285 1121 314 ea
1151 283 1220 315 res
1250 265 1363 313 nihil
1396 266 1454 314 ad

151 339 422 404 religionem
439 341 733 403 pertinuisset.
754 341 890 387 Haud
909 340 971 387 ita
991 341 1138 387 multo
1154 339 1255 402 post
1274 340 1347 386 Ti.
1361 340 1454 386 Ati-

152 413 235 459 nio
250 449 264 472 ,
285 413 339 460 de
365 414 496 477 plebe
518 413 727 473 homini,
744 413 973 460 somnium
993 412 1091 460 fuit.
1121 411 1253 459 Visus
1279 411 1452 475 Jupiter

151 485 327 545 dicere,
343 490 437 534 Sibi
463 491 580 534 ludis
593 488 922 549 praesultatorem
937 485 1212 550 displicuffl.·
1234 486 1318 550 slffi
1332 504 1454 548 mag-

151 562 271 620 nifice
301 562 625 626 instaurarentur
639 563 684 606 hi
703 563 827 617 ludi,
846 563 1079 620 periculum
1098 563 1191 606 urbi
1209 559 1319 618 fore.
1350 563 1453 616 iret,

151 652 200 678 etz
229 635 467 694 consulibus
493 637 719 681 nuntiaret.
760 634 1039 697 Quanquam
1069 632 1190 678 haud
1211 630 1310 678 sane
1338 631 1454 678 liber

150 719 248 754 erat
278 707 500 769 religione
532 707 709 754 animus
726 743 740 764 ,
768 706 1049 754 verecundia
1075 718 1226 752 tamen
1251 703 1453 766 majesta-

151 780 209 826 tis
241 781 575 844 magistratuum
604 780 818 826 timorem
848 779 994 838 vicit,
1025 797 1081 826 ne
1112 779 1160 826 in
1190 796 1271 826 ora
1298 779 1455 825 homi-

152 870 265 900 num
299 869 386 916 pro
417 853 615 899 ludibrio
647 853 802 900 abiret.
844 855 1017 917 Magno
1049 852 1115 898 illi
1145 869 1195 898 ea
1226 851 1454 899 cunClatio

153 925 287 974 stetit.
328 924 474 972 filium
493 943 689 990 namque
718 926 835 973 intra
863 942 1035 989 paucos
1063 924 1157 972 dies
1187 925 1344 972 amifit.
1378 942 1456 972 cu-

150 995 225 1060 jus
245 998 495 1061 repentinae
516 998 651 1045 cladis
671 1015 727 1045 ne
747 998 875 1046 causa
896 998 1032 1045 dubia
1052 997 1184 1057 effer,
1217 1015 1340 1062 aegro
1357 997 1457 1045 ani-

151 1071 218 1120 mi
243 1072 400 1119 eadem
427 1072 504 1119 illa
530 1073 578 1119 in
611 1072 781 1119 somnis
812 1072 1054 1120 obversata
1080 1071 1248 1135 species
1276 1071 1369 1120 visa
1395 1073 1458 1120 est

153 1143 352 1207 rogitare
369 1180 383 1203 ,
413 1147 556 1191 Satin’
574 1164 774 1208 magnam
789 1146 925 1207 spreti
947 1150 1138 1193 meminis
1170 1149 1333 1193 haberet
1352 1167 1457 1194 mer-

153 1221 325 1264 cedem?
357 1219 557 1276 majorem
589 1222 767 1288 instare,
801 1223 848 1266 ni
883 1237 953 1266 eat
984 1240 1151 1282 propere
1169 1256 1183 1278 ‚
1215 1239 1265 1266 ac
1293 1225 1462 1268 nuntiet

152 1293 409 1353 consulibus.
440 1294 534 1340 Jam
555 1292 825 1356 praesentior
842 1310 913 1341 res
936 1305 1056 1341 erat:
1086 1293 1372 1340 cttnfilantem
1393 1305 1457 1340 ta·

152 1382 260 1411 men
295 1383 348 1413 ac
375 1366 681 1429 prolatantem
713 1367 874 1433 ingens
909 1369 982 1418 vis
1010 1368 1162 1416 morbi
1203 1368 1362 1416 adorta
1395 1368 1459 1416 est

152 1438 384 1486 debilitate
415 1439 572 1488 subita.
607 1444 729 1489 Tum
755 1442 996 1491 enimvero
1033 1443 1249 1489 Deorum
1281 1442 1347 1490 ira
1374 1442 1457 1489 ad-

152 1513 350 1561 monuit.
388 1515 522 1562 feffus
555 1516 694 1580 igitur
733 1516 863 1565 malis
897 1516 1136 1580 praeteritis
1167 1515 1456 1564 instantibus-

152 1603 268 1650 que,
288 1587 482 1635 confilio
504 1589 874 1653 propinquorum
895 1590 1100 1637 adhibito
1117 1626 1131 1649 ‚
1152 1607 1254 1637 cum
1276 1589 1374 1637 visa
1392 1603 1457 1638 at·

152 1676 243 1722 que
277 1660 456 1720 audita,
483 1663 534 1710 &
565 1662 858 1710 obversatum
890 1663 1026 1711 toties
1061 1662 1226 1709 somno
1257 1664 1457 1723 Jovem‚

153 1733 301 1781 minas
333 1734 508 1799 irasque
530 1736 734 1783 coelestes
749 1773 762 1795 ‚
780 1735 1118 1800 repraesentatas
1140 1735 1313 1784 casibus
1344 1736 1457 1796 suis,

153 1808 456 1873 exposuiffet3
473 1810 691 1858 consensu
710 1811 815 1858 inde
835 1811 957 1858 haud
974 1810 1117 1858 dubio
1137 1810 1363 1870 omnium,
1377 1811 1458 1876 qui

154 1883 371 1943 aderant,
398 1884 446 1931 in
478 1884 629 1932 forum
659 1886 715 1933 ad
744 1885 950 1934 consules
977 1885 1132 1933 leffica
1153 1884 1362 1932 defertur.
1384 1885 1458 1932 in-
1512 1898 1520 1904 ·

155 1956 213 2004 de
242 1956 288 2003 in
320 1957 491 2005 curiam
523 1958 638 2021 juffu
670 1960 911 2007 consulum
946 1959 1119 2007 delatus
1138 1995 1153 2018 ‚
1189 1958 1344 2005 eadem
1377 1958 1456 2005 illa

155 2049 264 2079 cum
297 2034 501 2081 Patribus
534 2035 710 2099 ingenti
745 2035 954 2083 omnium
989 2033 1290 2082 admiratione
1323 2050 1456 2080 enar-

155 2105 318 2161 raffet3
342 2123 447 2154 ecce
470 2108 593 2155 aliud
623 2109 922 2157 miraculum:
954 2109 1035 2173 qui
1066 2119 1222 2170 captus
1243 2107 1459 2154 omnibus

155 2179 370 2226 membris
395 2180 564 2228 delatus
591 2182 638 2228 in
670 2183 840 2230 curiam
867 2183 998 2240 esset,
1028 2198 1133 2229 eum
1156 2179 1360 2227 funftum
1384 2179 1456 2227 of-

157 2253 269 2301 ficio
300 2255 489 2318 pedibus
519 2257 609 2306 suis
647 2259 837 2307 domum
868 2258 1042 2307 rediisse
1062 2294 1078 2318 ‚
1113 2256 1329 2304 traditum
1360 2272 1458 2304 me-

157 2329 319 2375 moriae
344 2329 421 2376 est.

225 2403 470 2451 XXXVII.
502 2395 616 2449 Ludi
645 2418 781 2466 quam
807 2400 1062 2464 ampliffimi
1093 2413 1146 2449 ut
1172 2400 1362 2457 fierent,
1393 2399 1460 2447 se-

158 2488 292 2525 natus
324 2478 547 2528 decrevit.
577 2478 650 2524 Ad
680 2493 761 2526 eos
790 2476 952 2537 ludos,
983 2477 1168 2525 ειιιξὶοτε
1186 2475 1320 2524 Attio
1340 2474 1459 2528 Tul-r
