1582 2793
298 143 1159 191 HISTORIARUML113.1.
1360 159 1388 204 ς,

96 251 215 301 inter
251 252 417 310 duces,
453 250 569 297 inter
602 251 825 297 exercitus
866 250 1179 298 salutationem
1217 251 1388 299 faciam.

98 326 270 374 AEnean
290 324 407 387 apud
424 324 631 371 Latinum
651 322 774 370 fuiss'e
796 322 844 370 in
863 322 1077 386 hospitio.
1105 324 1166 371 ibi
1187 325 1391 372 Latinum

98 399 219 461 apud
243 399 429 445 Penates
452 398 581 444 Deos
604 395 901 444 domesticum
927 397 1116 459 publico
1143 398 1392 459 adjunxisse

98 471 280 529 foedus,
317 469 407 516 filia
435 471 589 517 AEneae
621 469 668 515 in
709 468 1051 516 matrimonium
1080 469 1194 516 data.
1241 487 1291 516 ea
1325 487 1395 518 res

100 539 258 608 utique
277 542 489 606 Trojanis
513 543 632 606 spem
666 543 858 590 affirmat
879 543 1058 589 tandem
1082 542 1221 589 stabili
1246 543 1394 589 certak

99 634 190 682 que
211 617 309 664 sede
326 616 513 664 finiendi
532 617 716 664 erroris.
738 616 973 686 Oppidum
991 616 1211 664 condunt.
1231 618 1395 664 AEneas

99 690 157 739 ab
181 689 367 737 nomine
394 689 551 737 uxoris
582 690 822 739 Lavinium
853 690 1061 753 appellat.
1097 691 1234 738 Brevi
1266 690 1396 753 stirps

103 782 293 829 quoque
320 763 466 812 virilis
487 780 543 810 ex
567 780 696 812 novo
717 764 1013 812 matrimonio
1031 763 1144 820 suit;
1174 764 1247 812 cui
1263 764 1397 813 Asca-

102 840 230 888 nium
253 850 459 902 parentes
487 837 639 885 dixere
668 853 854 886 nomen.

167 914 217 959 11.
243 912 369 959 Bello
396 911 557 958 deinde
578 907 850 976 Aborigines
871 911 1152 976 Troianique
1170 911 1299 960 fimul
1321 929 1397 976 pe-

101 986 187 1034 titi.
221 986 404 1034 Turnus
423 1003 503 1033 rex
522 986 798 1034 Rutulorum
814 1022 829 1046 ,
855 988 930 1035 cui
950 989 1076 1050 pasta
1098 987 1289 1035 Lavinia
1312 1004 1399 1034 an-

103 1073 147 1108 te
174 1061 421 1108 adventum
438 1061 591 1108 AEneae
614 1058 784 1117 fuerat,
810 1061 1042 1123 praelatum
1067 1060 1148 1107 fibi
1175 1061 1400 1109 advenam

103 1151 220 1199 aegre
241 1135 412 1198 patiens
428 1170 443 1194 ,
474 1132 602 1180 simul
625 1133 780 1181 AEneae
797 1132 1055 1198 Latinoque
1080 1132 1248 1180 bellum
1273 1133 1399 1180 intu-

102 1209 228 1256 lerat.
263 1209 435 1255 Neutra
462 1207 579 1256 acies
606 1207 704 1254 laeta
725 1224 779 1254 ex
799 1224 857 1255 eo
876 1208 1122 1256 certamine
1139 1207 1262 1255 abiit.
1300 1207 1401 1255 vic-

103 1280 140 1326 ti
169 1281 353 1328 Rutuli:
382 1280 579 1330 victores
612 1280 884 1344 Aborigines
921 1280 1205 1344 Troianique
1237 1281 1401 1328 ducem

105 1353 319 1401 Latinum
357 1353 557 1401 amisere.
602 1354 928 1403 IndeTurnus
957 1355 1236 1417 Rutulique,
1271 1353 1402 1401 diffisi

104 1427 268 1486 rebus,
307 1427 362 1474 ad
387 1426 603 1475 florentes
632 1427 928 1476 Etruscorum
960 1445 1072 1491 opes
1100 1427 1402 1475 Mezentium-

106 1517 196 1565 que
224 1518 385 1549 eorum
405 1518 557 1566 regem
578 1501 879 1567 confugiunt:
911 1504 989 1566 qui
1006 1539 1020 1561 ,
1052 1503 1182 1549 Caere
1207 1500 1403 1564 opulen-

107 1586 158 1620 to
179 1587 275 1621 tum
303 1574 478 1638 oppido
513 1574 799 1639 imperitans,
821 1574 912 1637 jam
939 1576 1046 1624 inde
1075 1575 1131 1622 ab
1158 1574 1292 1621 initio
1313 1573 1404 1619 mi-

107 1647 229 1696 nime
249 1648 375 1695 laetus
399 1665 538 1695 novae
556 1649 734 1712 origine
750 1649 875 1698 urbis
892 1646 911 1708 ,'
931 1651 981 1697 &
995 1662 1092 1696 tum
1114 1647 1257 1694 nimio
1278 1646 1405 1710 plus,

106 1738 243 1786 quam
268 1721 369 1770 satis
395 1733 545 1769 tutum
564 1722 670 1769 effet
689 1722 859 1771 accolis
876 1758 890 1781 ,
917 1739 1013 1770 rem
1033 1721 1284 1783 Troianam
1304 1737 1403 1768 cre-

109 1797 229 1846 scere
243 1807 370 1844 ‘ratus
385 1832 400 1856 ‚
427 1796 546 1844 haud
564 1798 789 1862 gravatim
813 1796 934 1846 socia
957 1815 1080 1845 arma
1102 1797 1281 1844 Rutulis
1300 1795 1406 1857 jun-

107 1868 189 1916 xit.
222 1871 412 1928 AEneas,
438 1869 649 1918 adversus
681 1870 796 1917 tanti
828 1869 936 1917 belli
964 1883 1188 1917 terrorem
1220 1881 1272 1916 ut
1304 1868 1404 1916 ani-

107 1960 210 1991 mos
230 1944 534 2007 Aboriginum
555 1944 635 1991 fibi
655 1945 948 2003 conciliaret,
977 1962 1032 1992 ne
1055 1945 1132 1992 sub
1154 1945 1315 1993 eodem
1335 1943 1410 2005 ju·-

111 2036 157 2065 re
175 2018 328 2069 [olum
345 2055 358 2077 ,
382 2018 456 2065 sed
476 2019 609 2066 etiam
630 2019 818 2068 nomine
844 2036 1003 2066 omnes
1032 2021 1168 2067 effent
1183 2057 1195 2078 ‚
1220 2019 1407 2069 Latinos

112 2104 350 2155 utramque
380 2103 558 2155 gentem
586 2092 845 2155 appellavit.
881 2093 979 2139 Nec
1012 2093 1172 2139 deinde
1191 2091 1408 2155 Aborigi-

112 2181 190 2213 nes
214 2163 429 2226 Trojanis
459 2165 605 2212 studio
633 2183 683 2214 ac
704 2165 790 2218 fide
819 2183 921 2230 erga
940 2183 1091 2232 regem
1111 2168 1284 2215 AEnean
1312 2164 1408 2212 ces-

108 2240 222 2298 sere.
251 2240 481 2305 fretusque
501 2241 566 2287 his
585 2241 746 2288 animis
771 2241 1119 2289 coalescentium
1138 2241 1183 2287 in
1203 2241 1295 2288 dies
1319 2256 1411 2285 ma-

115 2315 178 2378 gis
216 2314 411 2361 duorum
450 2315 731 2378 populorum
762 2316 954 2374 AEneas,
991 2331 1250 2378 quanquam
1286 2325 1410 2358 tanta

115 2387 280 2450 opibus
305 2389 484 2435 Etruria
512 2401 607 2435 erat
624 2425 639 2448 ,
665 2403 715 2436 ut
744 2388 834 2451 jam
852 2405 948 2436 non
968 2400 1107 2435 terras
1132 2387 1275 2433 solum
1295 2422 1307 2439 ‚
1336 2383 1411 2429 sed

113 2476 238 2512 mare
258 2461 394 2510 etiam
421 2478 505 2527 per
523 2474 668 2511 totam
698 2461 835 2512 ltaliae
860 2460 1223 2527 longitudinem,
1255 2457 1310 2505 ab
1328 2454 1412 2504 Al-
