1582 2793
300 194 1204 244 HISTORIARUMLIB.IL
1310 209 1392 258 103

102 298 313 364 stipendii
343 302 567 365 pendere,
592 302 623 348 fi
645 303 813 348 liberos
832 303 1092 352 educarent.
1127 307 1277 367 Itaque
1299 304 1398 351 haec

102 374 379 440 indulgentia
415 379 628 435 Parrum,
661 376 823 440 asperis
857 376 1148 439 postmodum
1183 379 1317 425 rebus
1350 378 1397 426 in

103 447 340 494 obsidione
366 464 417 494 ac
439 446 583 505 fame,
619 446 733 493 adeo
761 446 1041 493 concordem
1075 447 1306 495 civitatem
1330 462 1399 495 te-

102 521 229 578 nuit,
261 532 310 567 ut
336 520 508 584 regium
538 537 710 566 nomen
737 536 834 567 non
868 518 1027 566 summi
1056 521 1196 584 magis
1216 557 1229 579 ,
1260 539 1398 585 quam

102 593 283 654 infimi,
314 595 578 641 horrerent:
611 610 696 640 nec
728 592 963 657 quisquam
993 602 1107 640 unus
1135 594 1263 640 malis
1289 595 1400 641 arti-

104 666 187 716 bus
212 668 364 731 postea
384 679 474 714 tam
495 666 732 730 popularis
756 666 860 713 effer
874 703 889 725 ,
906 683 1044 731 quam
1067 678 1163 714 tum
1183 666 1298 714 bene
1318 668 1398 715 im-

104 741 309 803 perando
338 739 570 788 universus
601 739 776 787 senatus
799 738 897 786 fuit.

170 815 230 860 X.
263 815 380 860 Cum
415 812 563 860 hostes
594 812 818 871 adessent,
853 829 936 876 pro
959 812 1000 860 se
1032 810 1220 876 quisque
1253 812 1300 859 in
1321 830 1400 859 ur·-

104 886 208 934 bem
232 903 287 934 ex
304 886 419 951 agris
437 886 711 951 demigrant:
736 887 892 932 urbem
917 885 1052 950 ipsam
1078 884 1268 949 saepiunt
1286 903 1400 949 prae-

103 960 238 1009 fidiis.
277 962 364 1009 alia
395 960 566 1019 muris,
602 960 688 1007 alia
721 959 878 1008 Tiberi
911 960 1092 1021 objecto
1126 959 1399 1008 videbantur

103 1047 216 1086 tuta.
258 1037 381 1084 Pons
416 1034 630 1083 sublicius
664 1035 750 1083 iter
769 1051 897 1101 paene
925 1034 1129 1081 hostibus
1157 1034 1278 1080 dedit
1301 1069 1315 1092 ‚
1351 1033 1398 1079 ni

104 1125 222 1156 unus
245 1109 318 1156 vir
349 1108 494 1155 fuiffet
515 1144 529 1168 ,
564 1108 783 1156 Horatius
801 1109 994 1158 Cocles:
1029 1107 1110 1172 (id
1137 1107 1399 1153 munimen-

104 1191 199 1227 tum
230 1181 313 1228 illo
341 1180 414 1228 die
446 1180 630 1227 fortuna
659 1180 782 1227 urbis
813 1181 1035 1228 Romanae
1067 1179 1259 1244 habuit)
1290 1180 1368 1244 qui
1387 1215 1407 1237 „

103 1254 276 1318 positus
306 1254 425 1302 forte
453 1255 501 1302 in
535 1254 725 1302 statione
754 1255 908 1318 pontis
927 1291 941 1314 ,
979 1271 1084 1303 cum
1116 1268 1298 1318 captum
1330 1271 1403 1301 re·

104 1329 297 1393 pentino
331 1329 502 1394 impetu
526 1329 778 1378 ‚Ianiculum
796 1365 810 1387 ‚
847 1340 982 1394 atque
1010 1329 1114 1376 inde
1141 1328 1306 1376 citatos
1326 1328 1402 1376 de-

107 1419 288 1450 currere
306 1402 452 1450 hostes
469 1402 646 1451 vidiffet
659 1439 673 1462 ,
688 1402 997 1466 trepidamque
1018 1401 1197 1449 turbam
1218 1400 1404 1451 suorum

106 1492 231 1524 arma
263 1475 533 1541 ordinesque
565 1477 823 1541 relinquere
844 1513 858 1535 ‚
893 1474 1219 1539 reprehensans
1254 1473 1405 1538 fingu-

105 1548 464 1608 los‚obfistens‚
496 1548 810 1613 obtestansque
839 1547 994 1595 Deum
1019 1550 1067 1596 &
1088 1547 1331 1594 homi-num
1352 1544 1404 1592 fi-

107 1621 208 1668 dem
228 1657 244 1679 ,
277 1622 547 1670 testabatur:
582 1627 875 1686 Nequidquam
916 1622 1069 1683 desisto
1098 1620 1294 1685 praestdio
1334 1637 1406 1666 eos

97 1695 256 1757 fugere.
290 1698 342 1741 Si
373 1695 591 1760 transitum
617 1713 788 1757 pontem
815 1716 843 1742 a
877 1711 985 1756 tergo
1011 1691 1283 1759 reliquffltzt,
1308 1692 1408 1749 jam

99 1770 205 1829 plus
225 1767 399 1833 bostium
425 1771 471 1813 in
491 1771 666 1815 Palatio
693 1771 1006 1830 Capitolioque,
1041 1786 1168 1828 quam
1202 1770 1249 1813 itz
1277 1767 1410 1813 sani-

108 1846 231 1900 culo,
253 1841 365 1900 fore.
399 1844 545 1903 ltaque
573 1861 764 1900 monere,
789 1845 1038 1904 pradicant,
1064 1857 1112 1887 ut
1132 1857 1303 1903 pontem
1318 1840 1411 1900 ficr-

108 1934 154 1961 ro
171 1949 185 1972 ,
209 1917 301 1976 igni
317 1950 332 1971 ,
355 1934 596 1977 quacunque
613 1919 658 1962 νὶ
667 1915 835 1980 poffimc
850 1951 865 1973 ,
894 1919 1210 1976 interrumpam.
1242 1917 1296 1960 Se
1328 1916 1409 1960 iub·

101 2006 245 2050 pctum
264 1988 439 2054 hostium
455 2025 469 2045 ,
497 2006 696 2050 quantum
717 2009 878 2051 corpore
900 2009 984 2036 uno
1001 1986 1132 2053 poffit
1157 1988 1316 2056 obststi‚
1337 2007 1411 2034 ex-

109 2077 332 2122 cepturum.
363 2060 499 2108 Vadit
525 2061 629 2109 inde
648 2063 694 2109 in
715 2063 911 2126 primum
937 2062 1112 2109 aditum
1131 2061 1308 2125 pontis:
1339 2060 1409 2107 in»-

109 2133 327 2198 signisque
359 2133 478 2182 inter
506 2135 742 2200 conspecta
772 2136 1031 2185 cedentium
1061 2152 1227 2199 pugnae
1254 2147 1410 2198 terga,

112 2205 316 2254 obversis
344 2206 552 2254 cominus
575 2208 630 2255 ad
651 2209 901 2256 ineundum
920 2208 1138 2273 proelium
1161 2208 1322 2265 armis,
1341 2207 1408 2270 ip-

111 2277 161 2324 so
191 2277 413 2331 miraculo
431 2279 626 2328 audaciae
657 2280 961 2346 obstupefecit
989 2279 1152 2326 hostes.
1191 2280 1307 2325 duos
1341 2290 1408 2325 ta-

112 2367 216 2398 men
240 2368 346 2400 cum
372 2367 428 2400 eo
451 2352 600 2415 pudor
627 2352 800 2411 tenuit,
835 2353 912 2416 Sp.
933 2352 1134 2398 Lartium
1156 2367 1207 2398 ac
1225 2352 1280 2399 T.
1296 2351 1414 2396 Her-

114 2423 306 2472 minium
325 2459 339 2482 ,
370 2425 529 2472 ambos
559 2425 711 2473 claros.
736 2442 898 2490 genere
921 2424 1155 2490 tactuque.
1192 2424 1311 2470 Cum
1344 2423 1418 2471 his

116 2497 307 2561 primam
334 2497 522 2561 periculi
548 2499 797 2564 procellam
814 2536 833 2559 ,
856 2502 913 2564 ,δέ
944 2500 1071 2564 quod
1102 2496 1417 2550 tumultuofise,

986 2577 1031 2619 G
1068 2591 1098 2631 4
