1582 2793
181 170 236 202 η
524 154 745 202 T1T1
823 140 1115 201 L1V11'

176 261 301 325 poffe
327 261 535 323 quamvis
556 262 760 325 languida
784 262 922 324 mergi
950 278 1064 325 aqua
1088 260 1312 321 infantes,
1341 262 1464 326 spem

177 335 423 382 ferentibus
456 335 600 382 dabat.
632 336 692 381 ita
715 335 840 382 velut
863 335 1060 382 defunffl
1091 336 1208 400 regis
1238 337 1466 398 imperio,

175 405 223 452 in
249 407 457 469 proxima
481 406 680 465 alluvie,
703 406 780 453 ubi
813 423 933 453 nunc
960 405 1071 454 ficus
1093 407 1344 454 Ruminalis
1372 407 1464 468 est,

180 480 508 544 (Romularem
543 492 756 527 vocatam
794 479 974 542 serunt)
1010 497 1176 542 pueros
1208 492 1468 543 exponunt.

178 553 325 600 Vastae
343 566 438 600 tum
455 553 502 599 in
523 552 574 599 iis
594 552 708 599 locis
729 551 991 598 solitudines
1010 569 1080 599 era
1089 566 1150 600 nt.
1166 555 1313 600 Tenet
1330 552 1465 610 fama,

175 643 282 673 cum
305 626 554 673 fluitantem
577 625 754 674 alveum
773 660 787 682 ,
817 641 913 687 quo
936 626 1129 688 expositi
1150 637 1273 673 erant
1306 626 1466 690 pueri,

175 699 322 746 tenuis
344 699 390 745 in
413 700 533 746 ficco
551 716 665 763 aqua
686 698 943 746 destituiffet
958 735 973 756 ‚
994 699 1145 761 lupam
1165 700 1384 748 sitientem
1404 718 1464 748 ex

176 772 410 818 montibus
426 807 441 828 ,
455 772 533 834 qui
556 770 674 819 circa
690 769 813 828 sunt,
830 772 885 817 ad
906 769 1122 834 puerilem
1145 774 1346 836 vagitum
1367 790 1466 820 cm·-

176 843 272 889 sum
295 843 491 891 flexisse:
518 861 614 891 eam
642 843 866 890 submifl'as
893 843 1138 892 infantibus
1169 846 1282 892 adeo
1309 846 1467 895 mitem

176 916 412 979 praebuisse
432 935 663 975 mammas,
678 931 728 963 ut
748 917 900 982 lingua
913 919 1181 964 lambentem
1197 936 1364 982 pueros
1375 937 1469 966 ma·

178 987 312 1052 gister
339 989 450 1053 regii
480 991 660 1053 pecoris
688 990 929 1038 invenerit.
973 992 1184 1039 Faustuio
1220 991 1344 1039 fuisse
1379 1009 1469 1039 no-

179 1077 284 1107 rnen
316 1060 477 1108 ferunt.
507 1062 577 1108 Ab
606 1077 662 1107 eo
687 1063 742 1107 ad
771 1061 935 1107 stabula
952 1063 1172 1109 Larentiae
1195 1066 1330 1111 uxori
1354 1065 1470 1111 edu-

181 1133 352 1180 candos
380 1133 510 1180 latos.
538 1133 650 1179 Sunt
665 1169 678 1191 ‚
696 1133 772 1195 qui
792 1135 1043 1181 Larentiam
1059 1171 1072 1193 ‚
1092 1136 1282 1199 vuflgato
1303 1153 1476 1200 corpo·

181 1222 258 1263 re,
287 1207 436 1269 lupam
462 1207 578 1253 inter
599 1207 796 1268 pastores
822 1222 1036 1254 vocatam
1063 1221 1247 1271 putent:
1271 1209 1375 1256 inde
1403 1210 1471 1256 lo·

183 1293 287 1323 cum
316 1278 479 1324 fabulae
501 1294 552 1324 ac
585 1277 806 1324 miraculo
837 1280 1004 1326 datum.
1039 1282 1102 1326 lta
1127 1281 1297 1344 geniti,
1322 1281 1476 1344 itaque

181 1352 388 1411 educati,
411 1370 514 1400 cum
535 1353 728 1415 primum
758 1353 961 1400 adolevit
985 1367 1087 1400 aetas
1104 1390 1117 1411 ,
1149 1371 1233 1401 nec
1253 1355 1298 1400 in
1325 1354 1474 1402 stabu-

183 1423 236 1471 lis
253 1461 267 1483 ‚
288 1442 370 1474 nec
389 1427 443 1472 ad
464 1442 629 1488 pecora
650 1426 827 1491 segnes,
854 1428 1068 1473 venando
1091 1444 1323 1492 peragrare
1352 1429 1474 1476 circa

183 1497 328 1548 saltus.
363 1500 506 1557 Hinc,
538 1501 707 1548 robore
730 1501 1001 1564 corporibus
1027 1501 1276 1564 animiique
1297 1501 1477 1561 summ,

183 1572 275 1636 jam
302 1591 399 1620 non
430 1575 541 1622 feras
569 1586 744 1622 tantum
775 1574 1001 1622 subsistere
1019 1611 1032 1634 ‚
1063 1576 1135 1622 fed
1163 1575 1209 1621 in
1245 1575 1475 1634 latrones,

186 1648 338 1710 praeda
358 1649 544 1696 onustos
560 1685 576 1708 ,
603 1649 794 1712 impetus
816 1647 960 1696 facere
976 1683 991 1705 ,
1018 1646 1356 1711 pastoribusque
1373 1664 1478 1709 rap·

189 1732 235 1768 ta
254 1720 483 1769 dividere:
512 1724 562 1769 ὃ(
579 1738 681 1768 cum
702 1721 770 1766 his
784 1756 798 1775 ‚
819 1719 1043 1768 crescente
1064 1720 1110 1765 in
1132 1719 1225 1766 dies
1246 1736 1376 1783 grege
1401 1718 1476 1781 ju-

187 1810 357 1843 venum
374 1831 388 1854 ,
417 1795 525 1842 seria
542 1812 591 1843 ac
610 1794 742 1856 jocos
762 1794 1005 1841 celebrare.

254 1870 312 1915 V.
335 1870 428 1916 Jam
448 1881 546 1915 tum
561 1869 609 1915 in
628 1868 831 1915 Palatino
853 1879 1009 1914 monte
1026 1865 1246 1930 Lupercal
1263 1866 1352 1914 hoc
1371 1864 1477 1912 fuis-

190 1940 234 1987 se
260 1941 482 1990 ludicrum
501 1940 678 1998 ferunt,
704 1944 753 1988 &
772 1959 796 1987 a
813 1941 1044 1987 Pallanteo
1062 1977 1075 1997 ‚
1102 1941 1211 1987 urbe
1230 1939 1444 1986 Arcadica
1460 1974 1478 1997 ,

190 2014 456 2061 Pallantium
469 2051 484 2074 ‚
505 2015 607 2061 dein
622 2014 838 2061 Palatium
851 2049 864 2071 ,
883 2027 1087 2061 montem
1105 2014 1394 2077 appellatum.
1412 2012 1479 2060 lbi

193 2090 456 2137 Evandrum
473 2125 488 2147 ‚
512 2088 591 2153 qui
613 2104 669 2134 ex
687 2103 743 2134 eo
763 2103 925 2151 genere
949 2088 1174 2133 Arcadum
1198 2086 1347 2132 multis
1373 2101 1478 2131 ante

195 2161 532 2224 tempestatibus
566 2177 614 2206 ea
646 2171 849 2206 tenuerat
882 2159 1018 2216 loca,
1045 2159 1258 2206 sollemne
1296 2157 1482 2205 allatum

194 2251 253 2282 ex
283 2235 473 2283 Arcadia
504 2232 730 2279 instituisse
751 2268 765 2290 ‚
798 2248 847 2277 ut
877 2232 988 2278 nudi
1021 2231 1241 2293 juvenes,
1273 2232 1479 2294 Lyceum

196 2311 315 2356 Pana
332 2322 624 2367 venerantes,
655 2325 734 2371 per
760 2306 900 2353 lusum
919 2320 1054 2369 atque
1076 2306 1301 2353 lasciviam
1327 2320 1480 2351 curre-

196 2393 325 2437 rent3
348 2398 480 2445 quem
504 2380 699 2427 Romani
721 2379 880 2426 deinde
900 2392 1126 2425 vocarunt
1148 2381 1322 2425 Inuum.
1358 2375 1479 2423 Huic

198 2455 359 2504 deditis
383 2454 586 2517 ludicro,
606 2471 708 2505 cum
728 2453 943 2504 sollemne
970 2465 1134 2502 notum
1154 2452 1284 2513 ess'et,
1304 2449 1481 2498 insidia·
