1582 2793
208 155 288 196 ‚CII

209 628 310 680 &481

211 791 319 842 1482

216 1062 318 1115 1383

216 1388 318 1443 {³485

454 143 816 188 NOTITIA
851 145 1345 194 LITERARIA

374 248 440 288 sed
460 262 673 300 perperam.
693 250 795 290 Nam
811 263 858 289 ex
873 250 1069 292 Maittairii
1088 253 1213 293 annai.
1234 263 1385 306 typogr.
1403 264 1505 298 tomi

375 303 415 351 I,
443 319 479 356 p.
511 303 562 352 84
587 305 623 343 ἃ
648 312 743 343 tom.
776 304 851 353 IV,
883 318 970 356 pag.
999 320 1098 360 235,
1124 307 1216 346 disci
1247 310 1396 359 potest,
1425 312 1502 351 Mi-

372 356 546 396 chaelem
595 357 861 397 manzolinum
911 360 1155 400 parmensem
1201 363 1502 414 typographiam

378 413 529 462 Tarvisii
546 412 750 451 exercuisse
764 443 774 458 ‚
796 412 1021 464 ibidemque
1037 415 1083 454 ab
1101 429 1203 455 anno
1227 432 1324 468 1477
1336 445 1384 452 --
1401 419 1502 468 1481.

373 466 498 505 varios
511 465 628 505 libros
641 465 821 514 emififfe3
840 470 903 518 (ut
918 468 1117 513 Caesarem.
1130 470 1241 510 nobis
1254 472 1303 511 ad
1321 485 1380 513 an.
1402 473 1504 522 1480

375 520 645 574 annotatum.)
673 521 728 560 Ex
751 519 810 559 his
822 528 952 571 patet,
966 521 1067 562 hanc
1085 524 1182 564 Livii
1195 526 1407 566 editionem
1427 526 1503 566 effe

372 575 518 627 primam
550 575 780 625 Tarvifinam.
1278 615 1281 617 ,

370 630 490 682 Parifi
507 628 576 668 fol.
600 629 713 668 Hanc
733 628 945 669 editionem
971 642 1158 671 memorat
1178 634 1409 674 Maittairius
1422 635 1502 674 An-

373 682 450 725 nal.
467 690 618 733 typogr.
635 683 749 722 Tom.
770 684 815 723 V.
836 692 934 734 part.
952 684 988 724 II
1006 698 1093 736 pag.
1121 700 1192 740 532
1205 719 1216 736 ‚
1231 688 1296 728 sed
1315 702 1362 729 ex
1377 689 1501 729 aliena

379 739 413 776 8:
440 737 584 775 incerta
605 737 826 776 traditione.

379 792 560 841 Tarvifina
601 790 637 831 II
654 821 665 839 ,
697 790 765 830 fol.
792 805 860 842 per
895 792 954 839 Jo.
994 795 1210 835 Vercellium.
1264 797 1325 836 Ad
1355 797 1502 838 calcem

375 844 458 883 haec
482 844 688 895 leguntur:
718 846 807 883 Has
835 847 907 884 Titi
931 847 1030 885 Livii
1048 850 1202 887 decadas
1229 865 1252 888 a
1285 852 1384 889 Luca
1414 852 1504 891 Por-

374 913 417 939 ro
438 913 541 951 quam
555 899 807 952 diligentzffi'me
829 901 1028 953 recognitas
1041 932 1052 947 ,
1072 904 1224 955 Tarvifii
1242 904 1396 943 Ioannes
1415 907 1450 943 V
1448 921 1503 944 er-

375 954 497 993 cellius
520 953 678 1006 imprfft
706 968 801 993 anno
818 955 954 1008 salutis
976 957 1149 1007 millesimo
1172 959 1502 1012 quadringentesimo

377 1008 570 1060 offogestmo
588 1009 756 1060 ficundo.

380 1063 565 1112 Tarvifina
588 1061 643 1102 III
658 1093 670 1111 ‚
699 1060 766 1102 fol.
791 1075 859 1113 per
882 1061 1119 1103 michaelem
1143 1066 1391 1118 Manzolinum
1417 1067 1505 1107 Par-

374 1115 559 1155 mensem.
580 1138 662 1147 --
682 1116 796 1156 Hanc
818 1117 910 1157 edit.
933 1130 982 1156 ex
1008 1117 1192 1159 Biblioth.
1214 1119 1503 1161 Hohendorfia-
1563 1114 1569 1127 ’

373 1183 425 1210 na
455 1169 586 1209 laudat
610 1170 845 1210 Maittairius
870 1172 910 1210 in
933 1171 1067 1211 Annal.
1094 1173 1264 1224 Typogr.
1286 1175 1403 1214 Tom.
1426 1177 1502 1225 IV,

375 1238 413 1276 p.
440 1237 531 1277 450.
577 1223 634 1264 Ex
658 1223 757 1274 illis,
783 1239 866 1276 quae
894 1225 944 1264 ad
973 1226 1134 1266 fimilem
1162 1228 1373 1267 editionem
1398 1243 1501 1269 anno

382 1277 484 1327 1480
507 1277 688 1318 excusam
704 1310 715 1328 ,
743 1279 845 1319 dicta
880 1279 966 1319 sunt
981 1311 993 1330 ,
1017 1281 1189 1331 constat,
1216 1281 1317 1323 hanc
1346 1297 1504 1335 quoque

379 1332 600 1383 impressam
635 1333 710 1372 effe
739 1333 908 1375 Tarvifii.

380 1388 564 1439 Tarvifina
601 1387 680 1435 IV,
712 1387 780 1428 fol.
813 1388 890 1429 Titi
925 1389 1020 1429 Livii
1051 1390 1221 1430 Patavini
1249 1391 1504 1433 Historiarum

377 1441 501 1482 Decas
525 1441 554 1481 I.
584 1441 639 1482 ΙΙΙ
661 1444 697 1481 Sc
720 1442 783 1482 IV.
798 1468 845 1477 ---
856 1443 1062 1485 Praemiffa:
1088 1459 1101 1483 1
1122 1445 1138 1492 )
1157 1445 1324 1496 Epistola
1351 1460 1506 1486 nuncu-

380 1496 529 1547 patoria
562 1495 622 1536 Jo.
648 1497 798 1535 Andreae
822 1497 1000 1550 Episcopi
1026 1498 1222 1538 Alerienfis
1242 1501 1291 1539 ad
1309 1500 1505 1542 summum

379 1551 491 1591 Pont.
518 1549 678 1590 Paulum
695 1551 732 1591 II
758 1551 949 1592 Venetum
965 1584 976 1601 ,
997 1554 1032 1592 ἃ
1048 1553 1226 1593 Marcum
1247 1555 1377 1595 Sanffi
1398 1556 1507 1596 Mar-

380 1606 416 1643 ci
437 1604 695 1651 Cardinalem.
719 1605 770 1658 2)
798 1606 837 1646 L.
858 1606 962 1646 Flori
987 1607 1165 1656 Epitoma
1190 1608 1390 1661 Decadum
1412 1623 1507 1661 qua-

379 1658 601 1700 tuordecim
631 1660 676 1699 T.
702 1659 798 1699 Livii
820 1661 990 1700 Patavini
1018 1661 1194 1702 Historici
1217 1663 1257 1702 in
1279 1673 1433 1702 centum
1465 1666 1504 1704 ὅτ.

383 1714 636 1764 quadraginta
664 1713 782 1752 libros
803 1715 1034 1755 distinRum.
1058 1716 1186 1756 ——In
1205 1716 1281 1755 fine
1299 1731 1308 1757 :
1326 1718 1414 1756 Has
1432 1719 1506 1758 Titi

376 1768 478 1808 Livii
507 1768 671 1806 Decades
691 1784 714 1805 a
737 1768 834 1806 Luca
856 1770 967 1808 Porro
989 1784 1090 1821 quam
1113 1770 1365 1823 diligentffme
1390 1787 1506 1826 recog-

381 1823 479 1861 nitas
505 1822 652 1872 Tarvifii
684 1822 842 1862 Joannes
871 1824 1088 1876 Vercellenfis
1106 1824 1274 1878 imprcffit.
1304 1826 1416 1864 Anno
1434 1828 1507 1880 sa-

382 1877 470 1914 lutis
491 1875 666 1927 millesimo
686 1878 1013 1929 quadringentqfimo
1028 1879 1162 1930 quinto,
1192 1878 1384 1918 Perraram
1405 1879 1507 1919 hanc

382 1931 595 1969 editionem
623 1930 843 1979 diligentius
866 1931 1060 1982 descripsit
1089 1931 1146 1972 Cl.
1169 1934 1289 1972 Denis
1314 1933 1509 1986 insfflerk-

379 1983 664 2035 wiirdigkaiten
683 1984 749 2023 der
766 1984 905 2024 Garell.
938 1985 1123 2025 Biblioth.
1150 2000 1235 2037 pag.
1265 2002 1279 2026 1
1292 2001 1335 2040 13
1351 2014 1397 2020 ---
1416 2002 1430 2027 1
1444 2003 1504 2041 14.

379 2038 635 2082 Maittairius.
654 2051 820 2089 eumque
847 2039 997 2078 secutus
1030 2040 1243 2090 Ernestius‚
1271 2041 1414 2094 (cujus
1449 2051 1508 2082 ta-

382 2105 473 2131 men
508 2092 547 2130 in
588 2091 825 2137 bibliotheca
861 2093 1055 2142 exstabat)
1091 2094 1191 2133 hanc
1223 2095 1314 2134 edit.
1346 2096 1506 2145 quidem

387 2155 628 2192 memorant,
643 2145 708 2185 sed
724 2146 870 2186 nullam
885 2149 980 2186 Flori
999 2148 1235 2188 mentionem
1252 2148 1410 2188 faciunt.
1428 2151 1509 2191 vid.

385 2199 523 2238 Annal.
550 2207 701 2251 typogr.
735 2201 849 2241 Tom.
873 2201 918 2248 I,
940 2214 1025 2251 pag.
1066 2201 1150 2241 180.
1182 2203 1227 2242 T.
1257 2203 1314 2250 V,
1337 2211 1433 2252 part.
1462 2204 1506 2254 I,

385 2265 482 2291 voce
510 2254 630 2301 Flori,
655 2256 690 2294 ἃ
706 2264 806 2305 part.
827 2255 885 2303 ΙΙ,
901 2267 996 2294 voce
1023 2256 1121 2293 Livii
1146 2258 1181 2296 &
1206 2257 1306 2294 Flori
1330 2270 1416 2308 pag.
1443 2272 1505 2298 21.
1550 2287 1552 2289 .

477 2320 562 2399 2212.-
592 2321 678 2400 2³2.
710 2308 1508 2414 zar-250·.5{·..102‡3151·Je

385 2413 548 2512 Fabrigi'i
576 2415 617 2454 Β.
640 2415 681 2456 L.
709 2416 846 2458 venet.
877 2417 991 2472 1728.
1018 2433 1056 2468 4.
1078 2412 1353 2472 Toin.1,pag.
1375 2434 1506 2475 194-

385 2480 464 2525 23195
527 2482 535 2487 ⁷
562 2483 653 2520 204.
