1582 2793
147 162 242 210 ¹260
513 156 1082 206 TITILIVII

206 270 369 318 LXlll.
397 267 591 335 Vadunt·
616 266 753 332 igitur
787 265 835 313 in
871 264 1090 329 proelium
1126 261 1181 310 ab
1210 260 1285 309 sua
1314 272 1439 325 parte

136 343 384 397 omiffixmg
413 343 461 388 &
496 340 652 387 locum
672 375 686 398 ‚
718 357 775 386 ex
805 356 899 403 quo
932 338 1146 386 cesserant
1164 372 1177 396 ,
1199 348 1406 399 repetunt
1430 351 1444 381 x

140 429 473 478 momentoque
506 430 603 461 non
638 412 842 460 restituta
877 413 1020 459 modo
1052 427 1232 475 pugna,
1262 408 1335 455 sed
1369 409 1444 454 in-

144 492 342 539 clinatur
371 488 505 536 etiam
532 487 708 534 Sabinis
736 503 895 533 cornu.
934 488 1083 548 Eques
1114 485 1232 531 inter
1261 483 1446 531 ordines

144 565 350 631 peditum
378 565 520 610 melus
547 562 589 609 se
625 561 681 608 ad
708 577 851 623 equos
881 559 1056 623 recipit.
1093 559 1347 607 transvolat
1375 557 1449 605 in-

143 639 203 685 ‹le
224 638 269 684 in
298 649 473 699 partem
493 635 675 682 alteram
692 669 705 692 ‚
728 634 812 680 suis
839 633 1047 681 vicloriae
1072 630 1256 679 nuntius
1276 649 1285 677 ι
1317 629 1448 678 fimul

144 713 199 759 &
230 711 277 756 in
303 709 454 757 'hostes
490 708 576 767 {am
611 706 829 769 pavidos,
858 707 1029 771 quippe
1059 705 1157 752 fuso
1188 705 1275 752 suae
1306 704 1448 768 partis

148 783 377 831 validiore
408 798 583 838 cornu,
610 780 828 843 impetum
860 779 983 827 facit„
1033 795 1128 825 non
1165 779 1362 825 'aliorum
1389 793 1449 823 eo

147 857 319 922 proelio
342 857 490 902 virtus
513 853 651 917 magis
675 853 852 900 enituit.
887 853 1063 900 Consul
1085 852 1329 916 providere
1351 868 1452 898 om-

147 931 225 978 nia
242 963 256 984 ‚
285 929 463 976 laudare
489 927 630 974 fortes
647 962 660 985 ‚
680 925 914 989 increpare
931 962 944 985 ‚
967 926 1105 973 ficubi
1129 924 1307 989 segnior
1335 940 1452 988 pug-

146 1022 208 1054 na
232 1003 352 1050 ess'et.
393 1002 604 1066 Castigati
634 1000 825 1048 fortium
854 1000 995 1048 statim
1024 1001 1235 1048 virorum
1264 1015 1453 1063 operam

149 1079 345 1126 edebant
358 1096 372 1124 .-
392 1088 660 1139 tantumque
683 1075 767 1121 hos
791 1075 941 1138 pudor
955 1112 968 1133 ,
987 1086 1208 1139 quantum
1228 1073 1341 1121 alios
1359 1073 1456 1119 lau-

150 1154 230 1201 des
250 1152 521 1200 excitabant.
548 1149 872 1214 Redintegrato
891 1150 1111 1209 clamore,
1131 1148 1332 1212 undique
1353 1164 1456 1194 om-

153 1243 235 1275 nes
264 1224 439 1273 connifi
470 1223 645 1270 hostem
671 1233 916 1271 avertunt:
946 1240 1029 1270 nec
1055 1222 1216 1269 deinde
1245 1224 1456 1269 Romana

154 1301 226 1349 vis
256 1296 458 1345 sustineri
489 1296 655 1360 potuit„
688 1295 870 1354 Sabini,
898 1295 981 1342 fufi
1012 1296 1166 1359 paffim
1187 1312 1266 1359 per
1294 1312 1458 1359 agros,

155 1372 298 1422 castra
327 1370 446 1418 hosti
478 1370 533 1418 ad
556 1370 755 1432 praedam
777 1370 1053 1434 relinquunt.
1086 1370 1150 1417 ibi
1178 1386 1276 1415 non
1304 1368 1458 1417 socio-

156 1465 259 1496 rum
276 1484 290 1505 ,
319 1448 431 1494 ficut
453 1447 500 1493 in
523 1445 692 1509 Algido
708 1481 722 1504 ,
742 1462 836 1503 res,
857 1444 932 1492 sed
960 1444 1056 1492 suas
1085 1446 1321 1491 Romanus
1339 1476 1354 1499 ‚
1372 1459 1457 1506 po-

153 1521 468 1588 pulationibus
491 1536 704 1583 agrorum
724 1518 896 1566 amiffas
910 1555 924 1577 ‚
945 1518 1119 1580 recipit.
1147 1516 1340 1564 Gemina
1360 1516 1461 1563 vic-

158 1597 281 1643 toria
307 1594 486 1642 duobus
514 1593 717 1640 bifariam
742 1593 918 1656 proeliis
946 1606 1100 1656 parta,
1122 1590 1317 1655 maligne
1338 1589 1461 1636 sena-

163 1684 239 1717 tus
262 1670 307 1715 in
339 1686 484 1715 unum
517 1668 637 1714 diem
663 1667 1014 1731 supplicationes
1044 1665 1280 1714 consulum
1307 1665 1463 1712 nomi·

165 1761 223 1790 ne
253 1741 469 1789 decrevit.
503 1741 706 1805 Populus
734 1740 895 1803 injuffu
921 1742 971 1788 &
994 1741 1136 1787 altero
1159 1739 1229 1785 die
1250 1737 1462 1802 frequens

165 1817 218 1864 iit
239 1815 551 1878 supplicatum.
593 1817 644 1862 &
678 1815 774 1862 haec
799 1832 914 1878 vaga
945 1812 1265 1878 popularisque
1292 1810 1464 1874 suppli-

164 1893 290 1940 catio
328 1890 481 1936 studiis
514 1906 658 1953 prope
691 1889 962 1936 celebratior
1001 1887 1102 1935 fuit.
1147 1884 1372 1933 Consules
1408 1901 1466 1930 ex

165 1961 428 2024 composito
464 1962 627 2007 eodem
667 1961 808 2017 biduo
841 1961 896 2007 ad
932 1960 1089 2006 urbem
1128 1957 1373 2015 accessere,
1403 1955 1466 2002 se-

168 2037 413 2095 natumqsse
453 2032 501 2078 in
548 2033 762 2080 Martium
809 2049 1018 2095 campum
1062 2047 1335 2078 evocavere.
1388 2029 1468 2077 ubi

170 2123 278 2153 cum
309 2106 363 2150 de
389 2105 521 2151 rebus
551 2106 605 2151 ab
640 2104 682 2151 se
710 2105 840 2169 gestis
874 2116 1054 2168 agerent
1073 2140 1086 2163 ‚
1116 2103 1258 2167 questi
1290 2102 1468 2166 primo-

172 2196 245 2226 res
275 2181 481 2235 Parrum,
504 2178 701 2226 senatum
723 2180 840 2226 inter
862 2179 1025 2226 milites
1049 2178 1195 2225 dedita
1220 2193 1358 2240 opera
1379 2188 1471 2224 ter·-

173 2253 292 2303 roris
330 2252 461 2300 causa
496 2252 663 2299 haberi.
708 2253 858 2315 iraque
889 2252 994 2299 inde
1028 2251 1264 2318 consules?
1292 2267 1348 2298 ne
1379 2250 1473 2298 cri-

174 2327 419 2376 minationi
450 2326 578 2372 locus
600 2326 704 2371 ess'ct
720 2359 733 2379 ‚
755 2326 801 2372 in
822 2338 947 2388 prata
968 2325 1182 2372 Flaminia
1200 2362 1214 2382 ‚
1242 2324 1321 2370 ubi
1346 2340 1471 2370 nunc

177 2401 294 2447 aedes
327 2399 553 2462 Apollinis
588 2398 678 2455 est,
702 2397 825 2461 (jam
847 2411 945 2444 tum
978 2398 1288 2460 Apollinarem
1316 2395 1471 2460 appel-

178 2474 328 2522 labant
347 2473 367 2538 )
388 2489 646 2524 avocavere
676 2471 892 2519 senatum.
927 2472 1018 2519 Ubi
1046 2489 1148 2520 cum
1169 2471 1343 2535 ingenti
1362 2487 1474 2519 con·
