1582 2793
218 174 278 206 20
562 151 1174 204 T1T1L1V11.

212 279 256 314 at
276 277 498 330 raptarum
525 276 731 329 parentes
759 277 856 313 tum
883 264 1077 312 maxime
1102 265 1279 314 sordida
1297 266 1417 317 veste
1445 266 1506 315 Ia-

213 341 451 405 crimisque
469 341 519 388 &
539 341 730 401 querelis
751 340 957 388 civitates
979 341 1284 389 concitabant.
1319 359 1402 389 nec
1424 343 1506 388 do·

209 416 273 464 mi
293 427 466 462 tantum
493 412 823 477 indignationes
846 413 1144 460 continebant
1163 450 1177 473 ‚
1207 414 1281 460 sed
1309 431 1507 478 congre-

209 489 425 554 gabantur
453 488 655 551 undique
687 487 741 533 ad
771 487 927 533 Titum
954 487 1166 546 Tatium,
1196 505 1344 552 regern
1377 490 1506 535 Sabi-

207 579 402 609 norum:
429 560 742 624 &legationes
765 575 846 617 eo,
867 558 993 622 quod
1010 559 1256 608 maximum
1273 560 1395 608 Tatii
1418 578 1504 607 no-
1568 563 1570 565 ’

208 652 313 684 men
339 634 387 681 in
420 634 488 680 his
511 632 769 695 regionibus
802 643 897 677 erat
915 666 928 689 ,
957 632 1311 679 conveniebant.
1347 632 1507 679 Caeni-

208 709 366 756 nenses
385 706 756 770 Crustuminique
772 706 821 752 &
839 707 1129 751 Antemnates
1145 718 1294 760 erant,
1310 705 1365 750 ad
1387 721 1505 767 quos

206 783 303 845 ejus
330 782 504 841 injuriae
527 797 628 842 pars
655 778 922 842 pertinebat.
961 779 1101 824 Lente
1123 795 1252 841 agere
1274 778 1326 825 iis
1345 778 1505 826 Tatius

206 857 450 919 Sabinique
471 853 553 900 visi
583 853 699 900 sunt.
735 853 817 915 Ipsi
849 852 965 899 inter
992 851 1033 898 se
1060 848 1145 898 tres
1179 852 1342 915 populi
1373 869 1504 900 com-

206 930 404 979 muniter
430 928 598 975 bellum
618 938 787 989 parant.
823 926 893 971 Ne
910 924 1190 972 Crustumini
1218 925 1404 988 quidem
1434 938 1506 976 at-ss

205 1020 296 1066 que
318 1004 607 1048 Antemnates
622 1034 635 1058 ‚
654 1015 740 1062 pro
766 998 928 1044 ardore
958 996 1113 1060 iraque
1136 997 1503 1058 Caeninensium,

205 1076 309 1123 satis
337 1073 378 1120 se
409 1073 597 1136 impigre
629 1080 835 1118 movent.
870 1071 931 1116 ita
964 1087 1044 1135 per
1075 1069 1116 1116 se
1151 1069 1295 1133 ipsum
1331 1088 1503 1118 nomen

208 1149 449 1196 Caeninum
477 1148 524 1193 in
547 1163 706 1210 agrum
727 1146 989 1192 Romanum
1009 1145 1225 1208 impetum
1254 1145 1375 1194 facit.
1415 1145 1503 1193 Sed

205 1224 339 1272 effuse
368 1222 642 1272 vastantibus
676 1221 726 1269 fit
751 1221 920 1269 obvius
956 1238 1057 1269 cum
1088 1222 1294 1268 exercitu
1319 1221 1503 1268 Romu-

205 1298 273 1345 lus
291 1335 304 1357 ‚
332 1298 517 1362 levique
541 1295 785 1345 certamine
817 1295 977 1352 docet,
1002 1313 1168 1343 vanam
1202 1296 1293 1342 fine
1323 1296 1501 1343 viribus

206 1372 318 1420 iram
352 1371 459 1418 effe:
488 1370 737 1418 exercitum
768 1367 917 1416 fundit
946 1367 1190 1433 fugatque:
1225 1367 1369 1415 fusum
1397 1386 1502 1432 per-

206 1444 430 1509 sequitur:
454 1460 605 1509 regem
628 1443 674 1498 in
694 1441 864 1506 proelio
887 1441 1131 1507 obtruncat
1150 1444 1199 1490 &
1218 1441 1401 1505 spoliat:
1420 1442 1501 1488 du-

206 1538 258 1569 ce
282 1519 477 1566 hostium
492 1517 647 1565 occiso
665 1553 679 1575 ,
707 1516 867 1563 urbem
892 1515 1043 1578 primo
1066 1515 1239 1578 impetu
1260 1516 1391 1578 capit.
1426 1518 1502 1563 In-

206 1596 262 1641 de
299 1594 504 1641 exercitu
542 1592 718 1640 victore
751 1591 967 1648 reducto,
1003 1589 1093 1653 ipse
1131 1608 1236 1637 cum
1269 1589 1394 1638 factis
1425 1591 1501 1639 vir

203 1664 471 1733 maginificus
488 1703 501 1725 ‚
533 1680 628 1713 tum
658 1664 881 1712 factorum
911 1664 1162 1711 ostentator
1180 1664 1297 1711 haud
1316 1665 1469 1712 minor
1483 1701 1502 1723 ‚

206 1742 349 1805 spolia
381 1741 504 1788 ducis
533 1739 728 1786 hostium
758 1738 856 1785 caefi
885 1737 1088 1800 suspensa
1121 1736 1344 1785 fabricato
1375 1739 1429 1785 ad
1453 1739 1501 1786 id

203 1829 307 1877 apte
328 1812 501 1860 ferculo
524 1826 713 1875 gerens,
746 1810 794 1855 in
830 1809 1112 1872 Capitolium
1151 1808 1375 1858 ascendit:
1407 1810 1499 1856 ibi-
1562 1833 1565 1840 ·

202 1903 292 1949 que
311 1902 360 1932 ea
382 1902 485 1932 cum
505 1885 560 1930 ad
577 1899 794 1946 quercum
815 1881 1070 1944 pastoribus
1091 1880 1255 1928 sacram
1271 1881 1498 1946 deposuis-

203 1958 294 2014 set,
324 1957 450 2003 snnul
471 1973 572 2004 cum
596 1955 724 2001 dono
744 1953 994 2016 designavit
1015 1954 1187 2017 templo
1206 1955 1332 2003 Jovis
1356 1954 1468 2002 fines
1485 1991 1501 2017 ‚

204 2047 556 2095 cognomenque
576 2028 746 2075 addidit
760 2029 893 2075 Deo:
927 2030 1091 2090 Jupiter
1109 2033 1288 2088 Feretri,
1321 2029 1469 2092 inquit
1483 2064 1500 2088 ,

202 2107 286 2150 haec
303 2106 378 2149 tibi
397 2106 527 2149 νὶἷῖον
541 2105 751 2148 Romulus
775 2120 849 2147 rex
866 2105 977 2162 regia
998 2119 1117 2146 arma
1125 2101 1221 2159 fero
1235 2137 1252 2158 ,
1273 2105 1498 2162 templum-

200 2196 276 2238 que
296 2180 350 2222 iis
373 2178 606 2237 regionibus
620 2212 635 2231 ,
654 2192 756 2236 quas
777 2177 899 2220 modo
923 2177 1068 2219 animo
1089 2191 1267 2219 metatus
1273 2175 1374 2234 sitm
1392 2209 1404 2232 ,
1429 2177 1499 2220 de-

201 2253 325 2304 dico,
346 2249 486 2308 ficdem
521 2250 674 2309 opimis
691 2247 850 2307 spoliis
867 2281 884 2303 ,
917 2264 1032 2306 quae,
1060 2266 1112 2292 νε
1097 2249 1219 2308 gibus
1251 2248 1499 2308 ducibusque

201 2323 304 2389 hosti
306 2341 375 2369 um
409 2322 548 2387 censis,
584 2340 645 2366 me
675 2320 875 2364 auflorem
897 2320 1143 2379 sequentes,
1169 2322 1321 2387 posteri
1343 2320 1499 2380 firent.

203 2395 314 2441 Haec
334 2394 487 2457 templi
510 2376 594 2440 est
593 2394 759 2457 origo,
791 2392 917 2455 quod
948 2392 1139 2454 primum
1170 2393 1376 2439 omnitun
1394 2393 1498 2439 Ro-

198 2486 286 2517 mae
305 2467 524 2519 sacratum
546 2467 623 2517 est.
653 2469 716 2514 Ita
746 2445 906 2514 deinde
933 2465 1039 2515 Diis
1066 2466 1242 2528 visum,
1274 2484 1358 2516 nec
1388 2465 1497 2522 itri-
