<?xml version="1.0" encoding="UTF-8"?>
<!DOCTYPE html PUBLIC "-//W3C//DTD XHTML 1.0 Transitional//EN"
    "http://www.w3.org/TR/xhtml1/DTD/xhtml1-transitional.dtd">
<html xmlns="http://www.w3.org/1999/xhtml" xml:lang="en" lang="en">
 <head>
  <title>
</title>
<meta http-equiv="Content-Type" content="text/html;charset=utf-8" />
  <meta name='ocr-system' content='tesseract 3.04.00' />
  <meta name='ocr-capabilities' content='ocr_page ocr_carea ocr_par ocr_line ocrx_word'/>
</head>
<body>
  <div class='ocr_page' id='page_1' title='image "./historiarumlibri01livyuoft_0201.png"; bbox 0 0 1582 2793; ppageno 0'>
   <div class='ocr_carea' id='block_1_1' title="bbox 311 135 1390 195">
    <p class='ocr_par' dir='ltr' id='par_1_1' title="bbox 311 135 1390 195">
     <span class='ocr_line' id='line_1_1' title="bbox 311 135 1390 195; baseline -0.001 -12"><span class='ocrx_word' id='word_1_1' title='bbox 311 135 897 184; x_wconf 66' lang='lat' dir='ltr'>HISTORIARUM</span> <span class='ocrx_word' id='word_1_2' title='bbox 945 137 1079 182; x_wconf 62' lang='grc' dir='ltr'>ΜΒ.</span> <span class='ocrx_word' id='word_1_3' title='bbox 1127 137 1158 182; x_wconf 87' lang='lat'>1.</span> <span class='ocrx_word' id='word_1_4' title='bbox 1330 149 1390 195; x_wconf 82' lang='lat'>37</span> 
     </span>
    </p>
   </div>
   <div class='ocr_carea' id='block_1_2' title="bbox 88 243 1421 2442">
    <p class='ocr_par' dir='ltr' id='par_1_2' title="bbox 88 243 1421 2442">
     <span class='ocr_line' id='line_1_2' title="bbox 171 243 1390 292; baseline -0.005 0"><span class='ocrx_word' id='word_1_5' title='bbox 171 245 341 292; x_wconf 85' lang='lat' dir='ltr'>XXIV.</span> <span class='ocrx_word' id='word_1_6' title='bbox 375 247 509 290; x_wconf 87' lang='lat' dir='ltr'>Forte</span> <span class='ocrx_word' id='word_1_7' title='bbox 538 243 585 288; x_wconf 90' lang='lat' dir='ltr'>in</span> <span class='ocrx_word' id='word_1_8' title='bbox 619 243 798 289; x_wconf 85' lang='lat' dir='ltr'>duobus</span> <span class='ocrx_word' id='word_1_9' title='bbox 834 254 929 288; x_wconf 86' lang='lat' dir='ltr'>tum</span> <span class='ocrx_word' id='word_1_10' title='bbox 960 243 1227 289; x_wconf 66' lang='lat' dir='ltr'>exercitibus</span> <span class='ocrx_word' id='word_1_11' title='bbox 1263 252 1390 287; x_wconf 79' lang='lat' dir='ltr'>erant</span> 
     </span>
     <span class='ocr_line' id='line_1_3' title="bbox 104 316 1390 381; baseline -0.002 -17"><span class='ocrx_word' id='word_1_12' title='bbox 104 317 332 381; x_wconf 73' lang='lat' dir='ltr'>trigemini</span> <span class='ocrx_word' id='word_1_13' title='bbox 364 317 518 363; x_wconf 84' lang='lat' dir='ltr'>fratres</span> <span class='ocrx_word' id='word_1_14' title='bbox 539 352 552 374; x_wconf 88' lang='lat'>,</span> <span class='ocrx_word' id='word_1_15' title='bbox 588 333 671 362; x_wconf 90' lang='lat' dir='ltr'>nec</span> <span class='ocrx_word' id='word_1_16' title='bbox 697 327 852 373; x_wconf 81' lang='lat' dir='ltr'>aetate,</span> <span class='ocrx_word' id='word_1_17' title='bbox 883 332 964 362; x_wconf 89' lang='lat' dir='ltr'>nec</span> <span class='ocrx_word' id='word_1_18' title='bbox 986 316 1158 362; x_wconf 84' lang='lat' dir='ltr'>viribus</span> <span class='ocrx_word' id='word_1_19' title='bbox 1182 316 1390 378; x_wconf 74' lang='lat' dir='ltr'><strong>dispares.</strong></span> 
     </span>
     <span class='ocr_line' id='line_1_4' title="bbox 102 388 1389 452; baseline -0.001 -15"><span class='ocrx_word' id='word_1_20' title='bbox 102 391 319 438; x_wconf 77' lang='lat' dir='ltr'>Horatios</span> <span class='ocrx_word' id='word_1_21' title='bbox 357 389 675 452; x_wconf 81' lang='lat' dir='ltr'>Curiatiosque</span> <span class='ocrx_word' id='word_1_22' title='bbox 718 388 878 446; x_wconf 81' lang='lat' dir='ltr'>fuisse,</span> <span class='ocrx_word' id='word_1_23' title='bbox 919 388 1019 434; x_wconf 78' lang='lat' dir='ltr'>satis</span> <span class='ocrx_word' id='word_1_24' title='bbox 1059 389 1266 444; x_wconf 74' lang='lat' dir='ltr'>constat3</span> <span class='ocrx_word' id='word_1_25' title='bbox 1306 406 1389 437; x_wconf 83' lang='lat' dir='ltr'>nec</span> 
     </span>
     <span class='ocr_line' id='line_1_5' title="bbox 104 462 1421 527; baseline 0.001 -17"><span class='ocrx_word' id='word_1_26' title='bbox 104 463 245 510; x_wconf 88' lang='lat' dir='ltr'>ferme</span> <span class='ocrx_word' id='word_1_27' title='bbox 274 481 342 510; x_wconf 88' lang='lat' dir='ltr'>res</span> <span class='ocrx_word' id='word_1_28' title='bbox 375 464 563 527; x_wconf 86' lang='lat' dir='ltr'>antiqua</span> <span class='ocrx_word' id='word_1_29' title='bbox 595 464 678 509; x_wconf 88' lang='lat' dir='ltr'>alia</span> <span class='ocrx_word' id='word_1_30' title='bbox 713 462 773 508; x_wconf 88' lang='lat' dir='ltr'>est</span> <span class='ocrx_word' id='word_1_31' title='bbox 809 462 1027 509; x_wconf 77' lang='lat' dir='ltr'>nobilior.</span> <span class='ocrx_word' id='word_1_32' title='bbox 1079 473 1226 508; x_wconf 88' lang='lat' dir='ltr'>tamen</span> <span class='ocrx_word' id='word_1_33' title='bbox 1263 463 1307 508; x_wconf 91' lang='lat' dir='ltr'>in</span> <span class='ocrx_word' id='word_1_34' title='bbox 1341 479 1390 509; x_wconf 89' lang='lat' dir='ltr'>re</span> <span class='ocrx_word' id='word_1_35' title='bbox 1418 509 1421 511; x_wconf 6' lang='lat' dir='ltr'>a</span> 
     </span>
     <span class='ocr_line' id='line_1_6' title="bbox 102 535 1391 598; baseline -0.002 -15"><span class='ocrx_word' id='word_1_36' title='bbox 102 550 193 584; x_wconf 87' lang='lat' dir='ltr'>tam</span> <span class='ocrx_word' id='word_1_37' title='bbox 217 538 332 584; x_wconf 83' lang='lat' dir='ltr'>clara</span> <span class='ocrx_word' id='word_1_38' title='bbox 351 537 591 584; x_wconf 82' lang='lat' dir='ltr'>nominum</span> <span class='ocrx_word' id='word_1_39' title='bbox 609 552 734 582; x_wconf 84' lang='lat' dir='ltr'>error</span> <span class='ocrx_word' id='word_1_40' title='bbox 755 548 903 582; x_wconf 87' lang='lat' dir='ltr'>manet</span> <span class='ocrx_word' id='word_1_41' title='bbox 919 572 935 591; x_wconf 92' lang='lat'><strong>‚</strong></span> <span class='ocrx_word' id='word_1_42' title='bbox 954 535 1095 582; x_wconf 84' lang='lat' dir='ltr'>utrius</span> <span class='ocrx_word' id='word_1_43' title='bbox 1118 537 1276 598; x_wconf 78' lang='lat' dir='ltr'>populi</span> <span class='ocrx_word' id='word_1_44' title='bbox 1295 538 1391 581; x_wconf 87' lang='lat' dir='ltr'>Ho-</span> 
     </span>
     <span class='ocr_line' id='line_1_7' title="bbox 103 608 1392 671; baseline -0.002 -15"><span class='ocrx_word' id='word_1_45' title='bbox 103 609 202 656; x_wconf 65' lang='lat' dir='ltr'>ratii</span> <span class='ocrx_word' id='word_1_46' title='bbox 217 647 230 667; x_wconf 93' lang='lat'>,</span> <span class='ocrx_word' id='word_1_47' title='bbox 254 610 393 656; x_wconf 87' lang='lat' dir='ltr'>utrius</span> <span class='ocrx_word' id='word_1_48' title='bbox 415 609 607 657; x_wconf 86' lang='lat' dir='ltr'>Curiatii</span> <span class='ocrx_word' id='word_1_49' title='bbox 628 608 813 656; x_wconf 81' lang='lat' dir='ltr'>fuerint.</span> <span class='ocrx_word' id='word_1_50' title='bbox 849 609 1065 654; x_wconf 66' lang='lat' dir='ltr'>Auaores</span> <span class='ocrx_word' id='word_1_51' title='bbox 1082 621 1279 671; x_wconf 77' lang='lat' dir='ltr'>utroque</span> <span class='ocrx_word' id='word_1_52' title='bbox 1298 622 1392 654; x_wconf 82' lang='lat' dir='ltr'>tra-</span> 
     </span>
     <span class='ocr_line' id='line_1_8' title="bbox 104 680 1389 745; baseline -0.002 -16"><span class='ocrx_word' id='word_1_53' title='bbox 104 685 244 730; x_wconf 89' lang='lat' dir='ltr'>hunt:</span> <span class='ocrx_word' id='word_1_54' title='bbox 283 683 430 745; x_wconf 84' lang='lat' dir='ltr'>plures</span> <span class='ocrx_word' id='word_1_55' title='bbox 462 695 608 728; x_wconf 84' lang='lat' dir='ltr'>tamen</span> <span class='ocrx_word' id='word_1_56' title='bbox 638 680 858 739; x_wconf 87' lang='lat' dir='ltr'>invenio,</span> <span class='ocrx_word' id='word_1_57' title='bbox 883 681 959 744; x_wconf 89' lang='lat' dir='ltr'>qui</span> <span class='ocrx_word' id='word_1_58' title='bbox 983 680 1218 727; x_wconf 83' lang='lat' dir='ltr'>Romanos</span> <span class='ocrx_word' id='word_1_59' title='bbox 1241 682 1389 727; x_wconf 79' lang='lat' dir='ltr'>Hora-</span> 
     </span>
     <span class='ocr_line' id='line_1_9' title="bbox 101 751 1389 815; baseline -0.002 -14"><span class='ocrx_word' id='word_1_60' title='bbox 101 755 192 801; x_wconf 84' lang='lat' dir='ltr'>tios</span> <span class='ocrx_word' id='word_1_61' title='bbox 223 766 406 801; x_wconf 86' lang='lat' dir='ltr'>vocent.</span> <span class='ocrx_word' id='word_1_62' title='bbox 436 753 518 800; x_wconf 84' lang='lat' dir='ltr'>hos</span> <span class='ocrx_word' id='word_1_63' title='bbox 538 764 587 798; x_wconf 92' lang='lat' dir='ltr'>ut</span> <span class='ocrx_word' id='word_1_64' title='bbox 613 751 801 815; x_wconf 85' lang='lat' dir='ltr'>sequar,</span> <span class='ocrx_word' id='word_1_65' title='bbox 822 751 1012 800; x_wconf 89' lang='lat' dir='ltr'>inclinat</span> <span class='ocrx_word' id='word_1_66' title='bbox 1041 753 1232 800; x_wconf 85' lang='lat' dir='ltr'>animus.</span> <span class='ocrx_word' id='word_1_67' title='bbox 1269 754 1389 801; x_wconf 88' lang='lat' dir='ltr'>Cum</span> 
     </span>
     <span class='ocr_line' id='line_1_10' title="bbox 102 827 1390 892; baseline -0.001 -18"><span class='ocrx_word' id='word_1_68' title='bbox 102 827 352 891; x_wconf 78' lang='lat' dir='ltr'>trigeminis</span> <span class='ocrx_word' id='word_1_69' title='bbox 383 841 520 890; x_wconf 84' lang='lat' dir='ltr'>agunt</span> <span class='ocrx_word' id='word_1_70' title='bbox 551 841 674 888; x_wconf 85' lang='lat' dir='ltr'>reges</span> <span class='ocrx_word' id='word_1_71' title='bbox 695 861 710 883; x_wconf 88' lang='lat'>,</span> <span class='ocrx_word' id='word_1_72' title='bbox 739 837 789 871; x_wconf 87' lang='lat' dir='ltr'>ut</span> <span class='ocrx_word' id='word_1_73' title='bbox 816 843 902 889; x_wconf 87' lang='lat' dir='ltr'>pro</span> <span class='ocrx_word' id='word_1_74' title='bbox 936 827 1008 874; x_wconf 89' lang='lat' dir='ltr'>sua</span> <span class='ocrx_word' id='word_1_75' title='bbox 1037 828 1224 892; x_wconf 85' lang='lat' dir='ltr'>quisque</span> <span class='ocrx_word' id='word_1_76' title='bbox 1246 828 1390 891; x_wconf 81' lang='lat' dir='ltr'>patria</span> 
     </span>
     <span class='ocr_line' id='line_1_11' title="bbox 104 897 1390 960; baseline -0.001 -13"><span class='ocrx_word' id='word_1_77' title='bbox 104 901 320 948; x_wconf 83' lang='lat' dir='ltr'>dimicent</span> <span class='ocrx_word' id='word_1_78' title='bbox 350 899 499 945; x_wconf 85' lang='lat' dir='ltr'>ferro:</span> <span class='ocrx_word' id='word_1_79' title='bbox 530 898 593 944; x_wconf 87' lang='lat' dir='ltr'>ibi</span> <span class='ocrx_word' id='word_1_80' title='bbox 621 897 862 960; x_wconf 84' lang='lat' dir='ltr'>imperium</span> <span class='ocrx_word' id='word_1_81' title='bbox 891 898 1017 958; x_wconf 88' lang='lat' dir='ltr'>fore,</span> <span class='ocrx_word' id='word_1_82' title='bbox 1053 901 1170 947; x_wconf 85' lang='lat' dir='ltr'>unde</span> <span class='ocrx_word' id='word_1_83' title='bbox 1197 901 1390 949; x_wconf 59' lang='lat' dir='ltr'>victoria</span> 
     </span>
     <span class='ocr_line' id='line_1_12' title="bbox 101 972 1390 1035; baseline -0.002 -13"><span class='ocrx_word' id='word_1_84' title='bbox 101 975 250 1022; x_wconf 85' lang='lat' dir='ltr'>fuerit.</span> <span class='ocrx_word' id='word_1_85' title='bbox 286 974 397 1021; x_wconf 86' lang='lat' dir='ltr'>nihil</span> <span class='ocrx_word' id='word_1_86' title='bbox 427 972 680 1021; x_wconf 84' lang='lat' dir='ltr'>recusatur:</span> <span class='ocrx_word' id='word_1_87' title='bbox 712 984 888 1035; x_wconf 83' lang='lat' dir='ltr'>tempus</span> <span class='ocrx_word' id='word_1_88' title='bbox 924 975 973 1022; x_wconf 89' lang='lat'>&amp;</span> <span class='ocrx_word' id='word_1_89' title='bbox 997 974 1127 1021; x_wconf 85' lang='lat' dir='ltr'>locus</span> <span class='ocrx_word' id='word_1_90' title='bbox 1153 974 1390 1022; x_wconf 83' lang='lat' dir='ltr'>convenit.</span> 
     </span>
     <span class='ocr_line' id='line_1_13' title="bbox 101 1045 1390 1112; baseline -0.001 -16"><span class='ocrx_word' id='word_1_91' title='bbox 101 1048 363 1112; x_wconf 78' lang='lat' dir='ltr'>Priusquam</span> <span class='ocrx_word' id='word_1_92' title='bbox 398 1046 662 1093; x_wconf 78' lang='lat' dir='ltr'>dimicarent</span> <span class='ocrx_word' id='word_1_93' title='bbox 680 1082 694 1105; x_wconf 92' lang='lat'>,</span> <span class='ocrx_word' id='word_1_94' title='bbox 721 1045 870 1094; x_wconf 83' lang='lat' dir='ltr'>foedus</span> <span class='ocrx_word' id='word_1_95' title='bbox 901 1047 1039 1095; x_wconf 67' lang='lat' dir='ltr'>iustum</span> <span class='ocrx_word' id='word_1_96' title='bbox 1071 1050 1188 1097; x_wconf 89' lang='lat' dir='ltr'>inter</span> <span class='ocrx_word' id='word_1_97' title='bbox 1214 1051 1390 1096; x_wconf 82' lang='lat' dir='ltr'>Roma·</span> 
     </span>
     <span class='ocr_line' id='line_1_14' title="bbox 102 1119 1390 1187; baseline 0.002 -19"><span class='ocrx_word' id='word_1_98' title='bbox 102 1139 188 1168; x_wconf 90' lang='lat' dir='ltr'>nos</span> <span class='ocrx_word' id='word_1_99' title='bbox 212 1124 262 1169; x_wconf 83' lang='lat'>&amp;</span> <span class='ocrx_word' id='word_1_100' title='bbox 288 1121 487 1167; x_wconf 85' lang='lat' dir='ltr'>Albanos</span> <span class='ocrx_word' id='word_1_101' title='bbox 520 1119 583 1166; x_wconf 86' lang='lat' dir='ltr'>est</span> <span class='ocrx_word' id='word_1_102' title='bbox 612 1119 681 1166; x_wconf 87' lang='lat' dir='ltr'>his</span> <span class='ocrx_word' id='word_1_103' title='bbox 716 1119 886 1183; x_wconf 79' lang='lat' dir='ltr'>legibus</span> <span class='ocrx_word' id='word_1_104' title='bbox 907 1157 920 1178; x_wconf 92' lang='lat'>,</span> <span class='ocrx_word' id='word_1_105' title='bbox 951 1134 1027 1181; x_wconf 82' lang='lat' dir='ltr'>ut,</span> <span class='ocrx_word' id='word_1_106' title='bbox 1061 1122 1274 1187; x_wconf 82' lang='lat' dir='ltr'>cujusque</span> <span class='ocrx_word' id='word_1_107' title='bbox 1300 1140 1390 1187; x_wconf 91' lang='lat' dir='ltr'>po-</span> 
     </span>
     <span class='ocr_line' id='line_1_15' title="bbox 101 1193 1391 1264; baseline 0.005 -24"><span class='ocrx_word' id='word_1_108' title='bbox 101 1195 198 1258; x_wconf 88' lang='lat' dir='ltr'>puli</span> <span class='ocrx_word' id='word_1_109' title='bbox 230 1194 354 1241; x_wconf 85' lang='lat' dir='ltr'>cives</span> <span class='ocrx_word' id='word_1_110' title='bbox 383 1211 439 1240; x_wconf 91' lang='lat' dir='ltr'>eo</span> <span class='ocrx_word' id='word_1_111' title='bbox 471 1193 711 1240; x_wconf 80' lang='lat' dir='ltr'>certamine</span> <span class='ocrx_word' id='word_1_112' title='bbox 733 1194 964 1255; x_wconf 82' lang='lat' dir='ltr'>viciffent,</span> <span class='ocrx_word' id='word_1_113' title='bbox 999 1198 1034 1244; x_wconf 92' lang='lat' dir='ltr'>is</span> <span class='ocrx_word' id='word_1_114' title='bbox 1058 1198 1183 1245; x_wconf 88' lang='lat' dir='ltr'>alteri</span> <span class='ocrx_word' id='word_1_115' title='bbox 1212 1200 1391 1264; x_wconf 85' lang='lat' dir='ltr'>populo</span> 
     </span>
     <span class='ocr_line' id='line_1_16' title="bbox 102 1266 1389 1330; baseline 0.002 -14"><span class='ocrx_word' id='word_1_116' title='bbox 102 1286 204 1316; x_wconf 90' lang='lat' dir='ltr'>cum</span> <span class='ocrx_word' id='word_1_117' title='bbox 236 1268 356 1314; x_wconf 93' lang='lat' dir='ltr'>bona</span> <span class='ocrx_word' id='word_1_118' title='bbox 390 1283 500 1330; x_wconf 88' lang='lat' dir='ltr'>pace</span> <span class='ocrx_word' id='word_1_119' title='bbox 535 1266 821 1330; x_wconf 82' lang='lat' dir='ltr'>imperitaret.</span> <span class='ocrx_word' id='word_1_120' title='bbox 857 1270 1044 1318; x_wconf 78' lang='lat' dir='ltr'>Foedera</span> <span class='ocrx_word' id='word_1_121' title='bbox 1079 1273 1162 1319; x_wconf 88' lang='lat' dir='ltr'>alia</span> <span class='ocrx_word' id='word_1_122' title='bbox 1195 1273 1292 1320; x_wconf 85' lang='lat' dir='ltr'>aliis</span> <span class='ocrx_word' id='word_1_123' title='bbox 1325 1275 1389 1319; x_wconf 88' lang='lat' dir='ltr'>le-</span> 
     </span>
     <span class='ocr_line' id='line_1_17' title="bbox 101 1342 1388 1406; baseline 0.005 -18"><span class='ocrx_word' id='word_1_124' title='bbox 101 1342 264 1406; x_wconf 82' lang='lat' dir='ltr'>gibus,</span> <span class='ocrx_word' id='word_1_125' title='bbox 297 1357 498 1390; x_wconf 86' lang='lat' dir='ltr'>ceterum</span> <span class='ocrx_word' id='word_1_126' title='bbox 534 1343 698 1390; x_wconf 90' lang='lat' dir='ltr'>eodem</span> <span class='ocrx_word' id='word_1_127' title='bbox 736 1343 878 1390; x_wconf 89' lang='lat' dir='ltr'>modo</span> <span class='ocrx_word' id='word_1_128' title='bbox 917 1346 1070 1392; x_wconf 89' lang='lat' dir='ltr'>omnia</span> <span class='ocrx_word' id='word_1_129' title='bbox 1103 1345 1230 1394; x_wconf 87' lang='lat' dir='ltr'>fiunt.</span> <span class='ocrx_word' id='word_1_130' title='bbox 1267 1349 1388 1395; x_wconf 84' lang='lat' dir='ltr'>Tum</span> 
     </span>
     <span class='ocr_line' id='line_1_18' title="bbox 99 1417 1388 1482; baseline 0.004 -17"><span class='ocrx_word' id='word_1_131' title='bbox 99 1418 161 1466; x_wconf 88' lang='lat' dir='ltr'>ita</span> <span class='ocrx_word' id='word_1_132' title='bbox 183 1417 345 1465; x_wconf 66' lang='lat' dir='ltr'>fastum</span> <span class='ocrx_word' id='word_1_133' title='bbox 368 1418 648 1482; x_wconf 86' lang='lat' dir='ltr'>accepimus,</span> <span class='ocrx_word' id='word_1_134' title='bbox 680 1435 764 1467; x_wconf 88' lang='lat' dir='ltr'>nec</span> <span class='ocrx_word' id='word_1_135' title='bbox 793 1419 926 1466; x_wconf 85' lang='lat' dir='ltr'>ullius</span> <span class='ocrx_word' id='word_1_136' title='bbox 948 1421 1171 1469; x_wconf 80' lang='lat' dir='ltr'>vetustior</span> <span class='ocrx_word' id='word_1_137' title='bbox 1201 1422 1388 1472; x_wconf 78' lang='lat' dir='ltr'>foederis</span> 
     </span>
     <span class='ocr_line' id='line_1_19' title="bbox 100 1491 1387 1560; baseline 0.002 -20"><span class='ocrx_word' id='word_1_138' title='bbox 100 1491 318 1540; x_wconf 86' lang='lat' dir='ltr'>memoria</span> <span class='ocrx_word' id='word_1_139' title='bbox 351 1491 426 1541; x_wconf 89' lang='lat' dir='ltr'>est.</span> <span class='ocrx_word' id='word_1_140' title='bbox 472 1493 652 1540; x_wconf 84' lang='lat' dir='ltr'>Fecialis</span> <span class='ocrx_word' id='word_1_141' title='bbox 683 1509 831 1557; x_wconf 85' lang='lat' dir='ltr'>regem</span> <span class='ocrx_word' id='word_1_142' title='bbox 864 1494 1049 1542; x_wconf 88' lang='lat' dir='ltr'>Tullum</span> <span class='ocrx_word' id='word_1_143' title='bbox 1077 1495 1141 1542; x_wconf 78' lang='lat' dir='ltr'>ita</span> <span class='ocrx_word' id='word_1_144' title='bbox 1171 1496 1387 1560; x_wconf 83' lang='lat' dir='ltr'>rogavit:</span> 
     </span>
     <span class='ocr_line' id='line_1_20' title="bbox 99 1568 1390 1632; baseline 0.005 -19"><span class='ocrx_word' id='word_1_145' title='bbox 99 1568 274 1627; x_wconf 77' lang='lat' dir='ltr'>Jubestze</span> <span class='ocrx_word' id='word_1_146' title='bbox 299 1586 388 1624; x_wconf 89' lang='lat' dir='ltr'>me,</span> <span class='ocrx_word' id='word_1_147' title='bbox 421 1570 548 1626; x_wconf 88' lang='lat' dir='ltr'>Rex,</span> <span class='ocrx_word' id='word_1_148' title='bbox 585 1587 677 1613; x_wconf 82' lang='lat' dir='ltr'>cum</span> <span class='ocrx_word' id='word_1_149' title='bbox 701 1585 823 1629; x_wconf 84' lang='lat' dir='ltr'>patre</span> <span class='ocrx_word' id='word_1_150' title='bbox 844 1586 1017 1629; x_wconf 79' lang='lat' dir='ltr'>patrato</span> <span class='ocrx_word' id='word_1_151' title='bbox 1038 1575 1190 1632; x_wconf 80' lang='lat' dir='ltr'>populi</span> <span class='ocrx_word' id='word_1_152' title='bbox 1219 1575 1390 1620; x_wconf 75' lang='lat' dir='ltr'>Albani</span> 
     </span>
     <span class='ocr_line' id='line_1_21' title="bbox 88 1639 1389 1708; baseline 0.005 -22"><span class='ocrx_word' id='word_1_153' title='bbox 88 1641 238 1701; x_wconf 82' lang='lat' dir='ltr'><em>foedus</em></span> <span class='ocrx_word' id='word_1_154' title='bbox 262 1639 425 1699; x_wconf 69' lang='lat' dir='ltr'>ferire?</span> <span class='ocrx_word' id='word_1_155' title='bbox 458 1639 644 1702; x_wconf 84' lang='lat' dir='ltr'>jubente</span> <span class='ocrx_word' id='word_1_156' title='bbox 677 1657 780 1704; x_wconf 83' lang='lat' dir='ltr'>rege</span> <span class='ocrx_word' id='word_1_157' title='bbox 800 1676 823 1699; x_wconf 10' lang='lat' dir='ltr'>,N</span> <span class='ocrx_word' id='word_1_158' title='bbox 848 1646 1084 1704; x_wconf 80' lang='lat' dir='ltr'>Sagmimz,</span> <span class='ocrx_word' id='word_1_159' title='bbox 1116 1644 1292 1708; x_wconf 86' lang='lat' dir='ltr'>inquit,</span> <span class='ocrx_word' id='word_1_160' title='bbox 1324 1664 1389 1706; x_wconf 79' lang='lat' dir='ltr'>te,</span> 
     </span>
     <span class='ocr_line' id='line_1_22' title="bbox 98 1713 1388 1775; baseline 0.005 -15"><span class='ocrx_word' id='word_1_161' title='bbox 98 1716 221 1771; x_wconf 88' lang='lat' dir='ltr'>Rex,</span> <span class='ocrx_word' id='word_1_162' title='bbox 233 1715 374 1775; x_wconf 81' lang='lat' dir='ltr'>pofio.</span> <span class='ocrx_word' id='word_1_163' title='bbox 404 1713 504 1760; x_wconf 77' lang='lat' dir='ltr'>Rex</span> <span class='ocrx_word' id='word_1_164' title='bbox 532 1714 593 1760; x_wconf 84' lang='lat' dir='ltr'>ait</span> <span class='ocrx_word' id='word_1_165' title='bbox 607 1749 620 1771; x_wconf 95' lang='lat'>,</span> <span class='ocrx_word' id='word_1_166' title='bbox 642 1715 801 1761; x_wconf 83' lang='lat' dir='ltr'>Puram</span> <span class='ocrx_word' id='word_1_167' title='bbox 820 1719 968 1763; x_wconf 83' lang='lat' dir='ltr'>tollito.</span> <span class='ocrx_word' id='word_1_168' title='bbox 1002 1717 1186 1764; x_wconf 84' lang='lat' dir='ltr'>Fecialis</span> <span class='ocrx_word' id='word_1_169' title='bbox 1208 1735 1263 1764; x_wconf 83' lang='lat' dir='ltr'>ex</span> <span class='ocrx_word' id='word_1_170' title='bbox 1283 1735 1388 1766; x_wconf 73' lang='lat' dir='ltr'>arce</span> 
     </span>
     <span class='ocr_line' id='line_1_23' title="bbox 98 1786 1387 1854; baseline 0.004 -21"><span class='ocrx_word' id='word_1_171' title='bbox 98 1786 310 1852; x_wconf 88' lang='lat' dir='ltr'>graminis</span> <span class='ocrx_word' id='word_1_172' title='bbox 341 1786 523 1834; x_wconf 85' lang='lat' dir='ltr'>herbam</span> <span class='ocrx_word' id='word_1_173' title='bbox 557 1803 715 1850; x_wconf 85' lang='lat' dir='ltr'>puram</span> <span class='ocrx_word' id='word_1_174' title='bbox 750 1788 912 1838; x_wconf 82' lang='lat' dir='ltr'>attulit.</span> <span class='ocrx_word' id='word_1_175' title='bbox 951 1787 1104 1851; x_wconf 85' lang='lat' dir='ltr'>postea</span> <span class='ocrx_word' id='word_1_176' title='bbox 1138 1807 1288 1854; x_wconf 86' lang='lat' dir='ltr'>regem</span> <span class='ocrx_word' id='word_1_177' title='bbox 1324 1792 1387 1838; x_wconf 87' lang='lat' dir='ltr'>ita</span> 
     </span>
     <span class='ocr_line' id='line_1_24' title="bbox 98 1859 1388 1929; baseline 0.004 -23"><span class='ocrx_word' id='word_1_178' title='bbox 98 1859 311 1923; x_wconf 79' lang='lat' dir='ltr'>rogavit:</span> <span class='ocrx_word' id='word_1_179' title='bbox 345 1861 469 1917; x_wconf 87' lang='lat' dir='ltr'>Rex,</span> <span class='ocrx_word' id='word_1_180' title='bbox 487 1859 656 1929; x_wconf 77' lang='lat' dir='ltr'>facifize</span> <span class='ocrx_word' id='word_1_181' title='bbox 677 1879 739 1907; x_wconf 84' lang='lat' dir='ltr'>me</span> <span class='ocrx_word' id='word_1_182' title='bbox 765 1876 809 1906; x_wconf 83' lang='lat' dir='ltr'>tu</span> <span class='ocrx_word' id='word_1_183' title='bbox 829 1863 987 1923; x_wconf 82' lang='lat' dir='ltr'>regium</span> <span class='ocrx_word' id='word_1_184' title='bbox 1017 1866 1213 1908; x_wconf 64' lang='lat' dir='ltr'>mentium</span> <span class='ocrx_word' id='word_1_185' title='bbox 1233 1867 1388 1926; x_wconf 78' lang='lat' dir='ltr'>populi</span> 
     </span>
     <span class='ocr_line' id='line_1_25' title="bbox 99 1934 1386 1995; baseline 0.004 -15"><span class='ocrx_word' id='word_1_186' title='bbox 99 1935 290 1980; x_wconf 78' lang='lat' dir='ltr'>Romani</span> <span class='ocrx_word' id='word_1_187' title='bbox 313 1935 582 1994; x_wconf 73' lang='lat' dir='ltr'>Quisitium?</span> <span class='ocrx_word' id='word_1_188' title='bbox 618 1934 719 1993; x_wconf 80' lang='lat' dir='ltr'>vafiz</span> <span class='ocrx_word' id='word_1_189' title='bbox 730 1936 1004 1995; x_wconf 13' lang='lat' dir='ltr'>,iconzitesgme</span> <span class='ocrx_word' id='word_1_190' title='bbox 1023 1938 1169 1982; x_wconf 71' lang='lat' dir='ltr'>meos?</span> <span class='ocrx_word' id='word_1_191' title='bbox 1197 1937 1296 1983; x_wconf 79' lang='lat' dir='ltr'>Rex</span> <span class='ocrx_word' id='word_1_192' title='bbox 1317 1955 1386 1985; x_wconf 83' lang='lat' dir='ltr'>re·</span> 
     </span>
     <span class='ocr_line' id='line_1_26' title="bbox 99 2005 1388 2075; baseline 0.004 -21"><span class='ocrx_word' id='word_1_193' title='bbox 99 2005 304 2070; x_wconf 88' lang='lat' dir='ltr'>spondit:</span> <span class='ocrx_word' id='word_1_194' title='bbox 329 2007 460 2067; x_wconf 78' lang='lat' dir='ltr'>Quod</span> <span class='ocrx_word' id='word_1_195' title='bbox 455 2007 551 2071; x_wconf 73' lang='lat' dir='ltr'>sine</span> <span class='ocrx_word' id='word_1_196' title='bbox 561 2006 716 2066; x_wconf 79' lang='lat' dir='ltr'>fraude</span> <span class='ocrx_word' id='word_1_197' title='bbox 733 2011 1059 2069; x_wconf 66' lang='lat' dir='ltr'>meapopzz-lique</span> <span class='ocrx_word' id='word_1_198' title='bbox 1075 2011 1262 2058; x_wconf 78' lang='lat' dir='ltr'>Romani</span> <span class='ocrx_word' id='word_1_199' title='bbox 1277 2014 1388 2075; x_wconf 51' lang='lat' dir='ltr'>Qui*-</span> 
     </span>
     <span class='ocr_line' id='line_1_27' title="bbox 99 2080 1385 2148; baseline 0.005 -19"><span class='ocrx_word' id='word_1_200' title='bbox 99 2082 363 2140; x_wconf 79' lang='lat' dir='ltr'>ritiumfiat,</span> <span class='ocrx_word' id='word_1_201' title='bbox 379 2081 518 2139; x_wconf 81' lang='lat' dir='ltr'>facio.</span> <span class='ocrx_word' id='word_1_202' title='bbox 559 2080 742 2127; x_wconf 82' lang='lat' dir='ltr'>Fecialis</span> <span class='ocrx_word' id='word_1_203' title='bbox 769 2095 860 2128; x_wconf 83' lang='lat' dir='ltr'>erat</span> <span class='ocrx_word' id='word_1_204' title='bbox 879 2082 942 2128; x_wconf 89' lang='lat' dir='ltr'>M.</span> <span class='ocrx_word' id='word_1_205' title='bbox 962 2080 1179 2130; x_wconf 83' lang='lat' dir='ltr'>Valerius.</span> <span class='ocrx_word' id='word_1_206' title='bbox 1211 2099 1385 2148; x_wconf 86' lang='lat' dir='ltr'>patrem</span> 
     </span>
     <span class='ocr_line' id='line_1_28' title="bbox 99 2153 1388 2222; baseline 0 -22"><span class='ocrx_word' id='word_1_207' title='bbox 99 2166 321 2218; x_wconf 84' lang='lat' dir='ltr'>patratum</span> <span class='ocrx_word' id='word_1_208' title='bbox 343 2154 418 2215; x_wconf 84' lang='lat' dir='ltr'>Sp.</span> <span class='ocrx_word' id='word_1_209' title='bbox 435 2153 609 2200; x_wconf 77' lang='lat' dir='ltr'>Fusium</span> <span class='ocrx_word' id='word_1_210' title='bbox 637 2153 771 2213; x_wconf 91' lang='lat' dir='ltr'>fecit,</span> <span class='ocrx_word' id='word_1_211' title='bbox 800 2155 996 2201; x_wconf 86' lang='lat' dir='ltr'>verbena</span> <span class='ocrx_word' id='word_1_212' title='bbox 1022 2169 1154 2218; x_wconf 85' lang='lat' dir='ltr'>caput</span> <span class='ocrx_word' id='word_1_213' title='bbox 1175 2160 1388 2222; x_wconf 65' lang='lat' dir='ltr'>capilloss.</span> 
     </span>
     <span class='ocr_line' id='line_1_29' title="bbox 98 2226 1385 2293; baseline 0.005 -20"><span class='ocrx_word' id='word_1_214' title='bbox 98 2244 187 2290; x_wconf 86' lang='lat' dir='ltr'>que</span> <span class='ocrx_word' id='word_1_215' title='bbox 208 2240 416 2290; x_wconf 83' lang='lat' dir='ltr'>tangens..</span> <span class='ocrx_word' id='word_1_216' title='bbox 441 2228 566 2274; x_wconf 86' lang='lat' dir='ltr'>Pater</span> <span class='ocrx_word' id='word_1_217' title='bbox 586 2240 782 2290; x_wconf 82' lang='lat' dir='ltr'>patratus</span> <span class='ocrx_word' id='word_1_218' title='bbox 799 2228 851 2276; x_wconf 85' lang='lat' dir='ltr'>ad</span> <span class='ocrx_word' id='word_1_219' title='bbox 868 2226 1177 2289; x_wconf 72' lang='lat' dir='ltr'>jusjurandum</span> <span class='ocrx_word' id='word_1_220' title='bbox 1205 2245 1385 2293; x_wconf 85' lang='lat' dir='ltr'>patran-</span> 
     </span>
     <span class='ocr_line' id='line_1_30' title="bbox 99 2297 1394 2367; baseline 0.005 -22"><span class='ocrx_word' id='word_1_221' title='bbox 99 2298 238 2355; x_wconf 84' lang='lat' dir='ltr'>dum,</span> <span class='ocrx_word' id='word_1_222' title='bbox 263 2297 309 2345; x_wconf 86' lang='lat' dir='ltr'>id</span> <span class='ocrx_word' id='word_1_223' title='bbox 334 2297 425 2356; x_wconf 81' lang='lat' dir='ltr'>est,</span> <span class='ocrx_word' id='word_1_224' title='bbox 458 2297 745 2349; x_wconf 85' lang='lat' dir='ltr'>sanciendum</span> <span class='ocrx_word' id='word_1_225' title='bbox 778 2299 828 2347; x_wconf 87' lang='lat' dir='ltr'>fit</span> <span class='ocrx_word' id='word_1_226' title='bbox 860 2299 1035 2358; x_wconf 77' lang='lat' dir='ltr'>foedus,</span> <span class='ocrx_word' id='word_1_227' title='bbox 1071 2302 1310 2367; x_wconf 85' lang='lat' dir='ltr'>multisque</span> <span class='ocrx_word' id='word_1_228' title='bbox 1339 2305 1394 2352; x_wconf 79' lang='lat' dir='ltr'>id.</span> 
     </span>
     <span class='ocr_line' id='line_1_31' title="bbox 99 2369 1386 2442; baseline 0.005 -24"><span class='ocrx_word' id='word_1_229' title='bbox 99 2369 278 2428; x_wconf 79' lang='lat' dir='ltr'>verbis,</span> <span class='ocrx_word' id='word_1_230' title='bbox 313 2386 413 2442; x_wconf 78' lang='lat' dir='ltr'>quae</span> <span class='ocrx_word' id='word_1_231' title='bbox 444 2370 588 2436; x_wconf 82' lang='lat' dir='ltr'>longo</span> <span class='ocrx_word' id='word_1_232' title='bbox 622 2371 754 2421; x_wconf 84' lang='lat' dir='ltr'>effata</span> <span class='ocrx_word' id='word_1_233' title='bbox 783 2371 980 2420; x_wconf 82' lang='lat' dir='ltr'>carmine</span> <span class='ocrx_word' id='word_1_234' title='bbox 1010 2390 1107 2419; x_wconf 90' lang='lat' dir='ltr'>non</span> <span class='ocrx_word' id='word_1_235' title='bbox 1136 2391 1286 2436; x_wconf 81' lang='lat' dir='ltr'>operae</span> <span class='ocrx_word' id='word_1_236' title='bbox 1322 2379 1386 2425; x_wconf 77' lang='lat' dir='ltr'>est</span> 
     </span>
    </p>
   </div>
   <div class='ocr_carea' id='block_1_3' title="bbox 102 2442 1395 2579">
    <p class='ocr_par' dir='ltr' id='par_1_3' title="bbox 102 2442 1395 2579">
     <span class='ocr_line' id='line_1_32' title="bbox 102 2442 1395 2511; baseline 0.006 -19"><span class='ocrx_word' id='word_1_237' title='bbox 102 2442 298 2503; x_wconf 84' lang='lat' dir='ltr'>referre,</span> <span class='ocrx_word' id='word_1_238' title='bbox 331 2445 517 2510; x_wconf 80' lang='lat' dir='ltr'>peragit.</span> <span class='ocrx_word' id='word_1_239' title='bbox 550 2446 744 2511; x_wconf 82' lang='lat' dir='ltr'>Legibus</span> <span class='ocrx_word' id='word_1_240' title='bbox 773 2446 936 2495; x_wconf 84' lang='lat' dir='ltr'>deinde</span> <span class='ocrx_word' id='word_1_241' title='bbox 967 2447 1196 2496; x_wconf 81' lang='lat' dir='ltr'>recitatis:</span> <span class='ocrx_word' id='word_1_242' title='bbox 1233 2456 1395 2511; x_wconf 48' lang='lat' dir='ltr'>Anda,</span> 
     </span>
     <span class='ocr_line' id='line_1_33' title="bbox 828 2518 1088 2579; baseline 0.008 -53"><span class='ocrx_word' id='word_1_243' title='bbox 828 2522 833 2526; x_wconf 92' lang='lat'>.</span> <span class='ocrx_word' id='word_1_244' title='bbox 1003 2518 1042 2564; x_wconf 70' lang='lat' dir='ltr'>C</span> <span class='ocrx_word' id='word_1_245' title='bbox 1070 2535 1088 2579; x_wconf 48' lang='grc' dir='ltr'>Ξ</span> 
     </span>
    </p>
   </div>
  </div>
 </body>
</html>
