1582 2793
156 128 245 176 162-
501 126 1062 202 TITllevll

142 235 238 299 gis,
262 251 395 298 quam
423 234 670 298 proelium,
695 235 794 284 ess'e.
829 237 1054 284 tumultus
1082 253 1107 283 e
1136 234 1290 284 castris
1320 237 1369 285 &
1398 236 1447 284 in

146 310 303 356 urbem
342 322 569 371 penetrat:
607 323 822 373 tanquam
848 309 974 373 Vejis
1003 308 1143 373 captis
1165 345 1178 365 ,
1198 308 1260 355 ita
1281 308 1442 372 pavidi

145 380 360 443 Vejcntes
379 381 435 428 ad
459 398 581 427 arma
602 394 801 428 currunt.
840 399 941 445 pars
967 382 1141 429 Sabinis
1170 394 1280 428 eunt
1306 381 1446 427 subfi-

144 456 254 513 dio;
287 473 388 519 pars
412 457 678 513 Romanos,
712 467 816 514 toto
852 456 1025 518 impetu
1052 457 1252 502 intentos
1289 455 1334 501 in
1371 473 1446 504 ca-

147 530 233 577 stra
250 565 264 588 ‚
297 529 579 577 adoriuntur.
620 528 847 590 Paulisper
869 529 1013 576 aversi
1036 531 1294 593 turbatique
1325 529 1446 578 sunt.

143 604 309 651 deinde
346 606 396 652 8<
424 604 503 667 ipsi
536 616 735 666 utroque
762 602 902 652 'versis
935 602 1069 666 signis
1110 604 1351 651 resistunt:
1389 605 1442 651 &

142 693 281 740 eques
298 713 311 735 ,
346 677 401 723 ab
433 671 617 722 consule
639 674 855 722 immiffus
871 711 886 733 ‚
907 675 1082 723 Tuscos
1108 675 1259 722 fundit
1292 675 1444 739 fugat-

142 767 252 814 que.
288 750 531 811 eademque
552 749 663 795 hora
682 749 773 795 duo
795 750 1020 797 exercitus
1037 786 1051 808 ,
1068 751 1166 798 duae
1193 748 1448 812 potentissi-

141 819 512 869 mae&maximae
533 818 737 866 finitimae
762 833 916 884 gentes
938 821 1152 883 superatae
1170 820 1283 868 sunt.
1313 821 1443 867 Dum

141 893 242 940 haec
267 893 322 939 ad
338 891 479 954 Vej05
507 904 746 956 geruntur,
775 892 930 941 Volsci
952 893 1179 958 AEquique
1207 894 1254 940 in
1276 894 1444 941 Latino

143 983 256 1030 agro
280 967 524 1029 posuerant
547 968 710 1024 castra,
733 969 1031 1032 populatique
1061 967 1173 1015 fines
1197 980 1335 1015 erant.
1362 982 1446 1014 eos

143 1057 226 1103 per
253 1040 294 1086 se
325 1040 405 1102 ipsi
431 1041 605 1097 Latini,
637 1040 832 1087 assumtis
853 1041 1086 1098 Hernicis,
1119 1041 1210 1087 fine
1228 1042 1446 1086 Romano

144 1123 224 1158 aut
244 1111 357 1158 duce
380 1123 457 1156 aut
476 1111 647 1157 auxilio
664 1146 678 1170 ,
701 1111 852 1158 castris
873 1125 1107 1160 exuerunt.
1134 1112 1310 1177 Ingenti
1330 1126 1444 1174 prae-

143 1185 228 1241 da,
248 1195 411 1246 praeter
430 1182 526 1229 suas
553 1195 839 1246 recuperatas
860 1200 927 1230 res
943 1219 957 1242 ,
980 1184 1118 1247 potiti
1141 1184 1254 1230 sunt.
1289 1182 1448 1230 miffus

145 1268 297 1302 tamen
320 1256 375 1302 ab
397 1257 547 1303 Roma
565 1256 724 1304 consul
743 1256 789 1303 in
810 1256 1004 1306 Volscos
1020 1259 1070 1305 C.
1089 1257 1291 1304 Nautius.
1313 1257 1446 1311 Mos,

145 1330 310 1388 credo,
343 1345 439 1374 non
460 1329 664 1391 placebat
681 1365 693 1385 .,
715 1329 808 1377 fine
828 1331 1043 1378 Romano
1074 1331 1187 1378 duce
1216 1329 1445 1377 exercitu-

144 1419 236 1466 que
257 1402 407 1449 socios
425 1404 623 1467 propriis
641 1404 814 1452 viribus
834 1405 1118 1469 consiliisque
1139 1405 1256 1452 bella
1274 1421 1444 1469 gerere.

146 1477 324 1523 nullum
352 1493 489 1540 genus
517 1477 779 1524 calamitatis
810 1479 1190 1542 contumeliaeque
1219 1492 1316 1525 non
1344 1479 1442 1525 edi-

146 1564 243 1599 tum
271 1551 317 1597 in
338 1550 532 1598 Volscos
560 1551 647 1598 est:
672 1568 756 1599 nec
776 1562 925 1600 tamen
944 1553 1134 1618 perpelli
1151 1564 1370 1616 potuere,
1391 1564 1442 1601 ut

145 1625 244 1672 acie
261 1623 542 1671 dimicarent.

229 1700 358 1745 LIV.
397 1699 445 1744 L.
482 1697 637 1744 Furius
672 1697 777 1744 inde
813 1700 863 1746 &
894 1699 949 1746 C.
980 1698 1183 1746 Manlius
1214 1697 1442 1748 consules.

146 1768 325 1817 Manlio
345 1767 557 1829 Vejentes
582 1769 824 1832 provincia
853 1769 1021 1818 evenit.
1055 1787 1149 1818 non
1170 1782 1320 1818 tamen
1346 1771 1439 1818 bel-

145 1843 304 1908 latum:
332 1842 524 1890 induciae
542 1843 589 1889 in
611 1859 756 1890 annos
774 1844 1066 1908 quadraginta
1090 1845 1345 1909 petentibus
1364 1846 1442 1893 da-

147 1926 206 1961 tae
226 1951 239 1973 ‚
299 1927 508 1961 rumento
538 1914 852 1981 stipendioque
879 1917 1116 1980 imperato.
1151 1918 1256 1966 Paci
1288 1929 1441 1965 exter-

147 2004 219 2033 nae
254 1987 491 2034 confestim
527 1988 822 2035 continuatur
856 1988 1079 2036 discordia
1116 1990 1255 2038 domi.
1311 2008 1439 2055 agra-

146 2059 227 2106 riae
254 2060 361 2124 legis
389 2060 642 2107 tribuniciis
669 2062 855 2110 stimulis
880 2063 1006 2126 plebs
1032 2062 1222 2111 furebat.
1260 2063 1437 2111 Consu-

146 2131 241 2189 les,
272 2131 384 2177 nihil
412 2133 614 2178 Menenii
634 2132 947 2193 damnatione,
976 2135 1089 2181 nihil
1117 2135 1324 2198 periculo
1353 2135 1436 2182 de-

144 2201 292 2249 territi
312 2203 526 2262 Servilii,
559 2203 729 2252 summa
751 2205 802 2254 vi
831 2206 1048 2253 resistunt.
1096 2206 1310 2253 abeuntes
1340 2224 1439 2254 ma·

148 2275 334 2340 gistratu
361 2278 446 2323 Cn.
469 2277 703 2325 Genucius
735 2279 941 2326 tribunus
974 2279 1118 2342 plebis
1152 2279 1357 2342 arripuit.
1387 2282 1439 2329 L.

147 2349 354 2396 AEmilius
383 2351 433 2397 &
473 2350 637 2413 Opiter
672 2352 902 2415 Virginius
936 2352 1222 2399 consulatum
1261 2354 1438 2401 ineunt.

149 2420 403 2486 Vopiscum
436 2421 600 2474 ,Iulium
620 2439 709 2489 pro
737 2423 949 2490 Virginio
981 2425 1029 2475 in
1058 2424 1325 2490 quibusdam
1351 2441 1438 2486 ans,
