1582 2793
339 148 1109 197 HISTORIARUMLIB.
1148 147 1179 192 1.
1348 160 1405 204 27

131 258 369 307 confilium
391 295 406 315 ‚
435 273 531 305 non
564 256 687 303 bello
721 272 772 303 ac
803 271 912 318 pace
947 253 1189 302 firmandae.
1225 253 1280 301 ab
1323 252 1406 300 illo

129 331 248 378 enim
280 329 485 394 profectu
513 329 688 376 viribus
721 329 833 375 datis
866 340 1042 374 tantum
1076 328 1248 385 valuit,
1278 341 1329 374 ut
1359 328 1408 374 in

126 403 416 466 quadraginta
451 402 611 449 deinde
650 418 794 449 annos
835 412 977 448 tutam
1013 417 1168 464 pacem
1207 400 1407 448 haberet.

127 475 409 523 multitudini
446 487 597 522 tamen
633 475 803 538 gratior
839 473 960 530 fuit,
995 490 1129 537 quam
1173 473 1406 526 Patribus;

126 549 268 614 longe
285 561 388 598 ante
405 549 518 596 alios
543 549 868 612 acceptissimus
887 546 1080 593 militum
1107 545 1280 593 animis.
1319 559 1407 590 tre-

125 624 371 688 centosque
413 635 609 671 armatos
647 625 701 671 ad
733 621 979 671 custodiam
1013 619 1221 682 corporis
1243 655 1257 676 ‚
1292 635 1407 681 quos

127 699 312 747 Celeres
328 700 600 764 appellavit,
626 717 720 747 non
741 700 789 746 in
816 697 938 745 bello
965 695 1138 755 solum,
1171 693 1246 741 sed
1273 695 1406 741 etiam

123 769 174 818 in
196 790 335 836 pace,
358 773 527 821 habuit.

191 849 316 894 XVI.
349 847 430 893 His
450 845 776 894 immortalibus
801 844 930 892 editis
961 844 1172 907 operibus
1189 878 1203 900 ‚
1225 860 1328 890 cum
1351 842 1407 889 ad

123 919 375 966 exercitum
407 917 725 966 recensendum
761 917 1035 965 concionem
1068 919 1115 964 in
1152 934 1315 980 campo
1352 916 1407 962 acl

124 993 290 1056 Caprae
316 993 524 1057 paludem
555 992 769 1048 haberet;
800 992 949 1040 subito
981 1005 1142 1039 coorta
1171 990 1406 1053 tempestas

123 1084 230 1114 cum
261 1085 428 1132 magno
459 1067 635 1132 fragore
665 1067 998 1131 tonitribusque
1034 1080 1126 1116 tam
1160 1067 1297 1114 denso
1331 1086 1403 1114 re-

121 1156 224 1202 gem
251 1141 434 1203 operuit
462 1140 651 1199 nimbo,
680 1152 731 1187 ut
754 1139 1037 1203 conspeflum
1063 1139 1158 1201 ejus
1184 1140 1403 1188 concioni

120 1211 367 1260 abstulerit.
409 1230 494 1260 nec
520 1213 681 1260 deinde
703 1213 750 1259 in
779 1213 906 1259 terris
923 1214 1146 1260 Romulus
1173 1214 1270 1260 fuit.
1302 1215 1402 1260 Ro-

121 1303 252 1333 mana
271 1287 440 1350 pubes,
472 1286 622 1334 sedato
649 1286 829 1333 tandem
853 1300 1026 1349 pavore
1041 1323 1055 1345 ‚
1086 1286 1323 1351 postquam
1346 1304 1403 1334 ex

118 1371 213 1407 tam
239 1361 424 1408 turbido
448 1361 520 1407 die
539 1360 689 1407 serena
710 1362 760 1409 δε
782 1360 1022 1424 tranquilla
1041 1362 1122 1407 lux
1142 1361 1298 1419 rediit,
1322 1363 1402 1409 ubi

119 1450 310 1480 vacuam
334 1433 479 1480 sedem
510 1433 676 1497 regiam
703 1434 848 1492 vidit,
874 1434 951 1481 etsi
979 1434 1078 1481 satis
1097 1436 1303 1483 credebat
1321 1439 1401 1483 Pa-

119 1507 296 1566 tribus,
331 1508 410 1572 qui
444 1507 643 1571 proximi
682 1507 922 1569 steterant,
956 1509 1188 1566 sublimem
1224 1525 1399 1575 raptum

118 1581 354 1645 procellam
385 1593 561 1641 tamen,
591 1583 719 1631 velut
747 1583 951 1630 orbitatis
982 1595 1108 1630 metu
1136 1584 1221 1631 ista
1239 1621 1253 1643 ‚
1282 1601 1398 1632 moe-

118 1655 235 1703 stum
252 1656 527 1720 aliquamdiu
542 1657 765 1705 silentium
786 1658 1000 1706 obtinuit.
1021 1658 1227 1717 Deinde,
1250 1677 1276 1706 a
1293 1677 1402 1722 pau-

119 1728 185 1775 cis
206 1728 342 1776 initio
366 1729 485 1779 facto
501 1766 516 1789 ,
542 1732 695 1779 Deum
713 1733 822 1779 Deo
850 1743 1027 1789 natum,
1063 1749 1212 1796 regem
1240 1751 1402 1796 paren-

118 1812 301 1865 temque
330 1803 453 1851 urbis
478 1805 699 1852 Romanae
727 1803 895 1854 salvere
923 1804 1122 1851 universi
1151 1805 1401 1854 Romulum

119 1872 302 1935 jubent:
328 1893 486 1939 pacem
504 1877 714 1940 precibus
730 1877 1003 1941 exposcunt,
1025 1878 1091 1923 uti
1110 1878 1274 1925 volens
1294 1897 1401 1942 pro-

118 1945 255 2008 pitius
282 1947 403 1996 suam
422 1948 594 2012 semper
619 1949 800 2012 sospitet
824 1949 1102 2012 progeniem.
1134 1950 1275 1997 Fuifl'e
1301 1969 1400 1999 cre-

121 2017 182 2064 do
210 2030 305 2066 tum
329 2037 515 2084 quoque
540 2022 737 2085 aliquos,
759 2021 836 2085 qui
863 2021 1131 2084 discerptum
1155 2039 1305 2086 regem
1323 2027 1401 2072 Pa-

116 2101 238 2136 trum
266 2091 472 2139 manibus
492 2092 617 2139 taciti
638 2104 902 2156 arguerent:
933 2092 1138 2140 manavit
1163 2093 1284 2140 enim
1303 2095 1402 2142 haec

121 2178 307 2227 quoque
324 2201 338 2222 ,
368 2164 442 2211 sed
468 2165 766 2228 perobscura,
794 2165 923 2213 fama.
956 2166 1080 2213 Illam
1106 2166 1291 2214 alteram
1322 2169 1401 2214 ad-

119 2235 300 2282 miratio
322 2237 410 2284 viri
428 2239 479 2285 &
496 2256 643 2301 pavor
671 2239 861 2302 praesens
883 2239 1159 2287 nobilitavit.
1193 2239 1400 2286 Consilio

120 2309 255 2356 etiam
275 2311 406 2359 unius
424 2313 623 2360 hominis
640 2314 787 2361 addita
805 2312 869 2361 rei
888 2313 1051 2360 dicitur
1065 2313 1186 2360 fides.
1207 2331 1402 2377 namque

119 2385 338 2432 Proculus
361 2386 528 2447 Julius,
561 2387 754 2436 sollicita
786 2389 970 2437 civitate
1001 2389 1219 2436 desiderio
1251 2389 1364 2452 regis
1385 2425 1401 2448 ,

117 2458 359 2508 &infensa
385 2461 620 2522 Patribus,
649 2462 798 2528 gravis
817 2499 832 2523 ‚
860 2475 911 2510 ut
945 2463 1165 2523 traditur,
1193 2461 1400 2526 quamvis
