1680 2803
542 132 590 178 V
636 131 660 175 l
715 131 753 174 T
801 132 863 176 A.
1260 143 1380 179 xvn

83 236 253 302 ingenii
273 251 583 285 monumenta.
621 237 806 301 Scripfit
828 237 946 283 enim
975 238 1021 284 in
1048 238 1189 301 patria
1210 242 1382 288 Dialo-

81 338 158 384 gos
185 326 234 369 de
257 318 561 384 Philosophia',
583 323 746 385 quibus
775 338 842 368 res
871 321 1064 368 morales
1088 340 1139 369 ac
1166 324 1381 385 politicas

83 406 353 468 complexus
387 405 463 451 est.
502 407 655 451 Notos
684 405 788 451 illos
818 404 973 451 habuit
1002 405 1198 463 Seneca,
1222 405 1379 454 suum·
1420 424 1423 428 ·

81 503 169 552 que
208 487 262 534 de
302 487 390 534 illis
426 486 644 549 judicium
684 487 830 534 ferens
873 487 1062 550 epistola
1102 490 1340 537 centessma
1363 527 1379 550 ‚

80 573 275 618 Nomina
293 607 307 630 ‚
336 569 515 634 inquit,
545 572 682 618 adhuc
713 573 764 618 T.
784 573 966 618 Livium.
999 571 1173 637 Scripsit
1197 576 1306 619 enim
1336 573 1380 621 C}

81 655 302 716 Dialogos
324 691 338 714 ,
366 673 469 716 quos
505 673 592 700 non
625 658 764 716 magis
793 654 1071 717 philosophice
1105 674 1379 705 annumerare

73 737 233 800 pcffis,
268 757 391 799 quam
428 738 598 803 lzistoriae
625 755 641 782 :
684 734 726 784 δ’
760 757 813 784 ex
843 735 1023 803 profeſj'o
1060 739 1377 801 plzilosbplziam

82 823 333 867 continentes
358 822 499 868 libros,
530 819 784 889 Scripsit&
813 821 867 868 de
893 834 986 867 arte
1009 821 1252 869 Rhetorica
1284 823 1380 870 cul·

81 903 319 962 tiffimam,
347 904 397 951 ὃ(
424 903 620 950 numeris
650 904 862 951 omnibus
892 902 1256 951 absolutiffirnam
1284 906 1379 968 epi-

80 984 241 1032 stolam
268 986 323 1032 ad
351 983 494 1032 filium
511 1021 526 1044 ‚
551 984 679 1047 cujus
711 986 917 1033 meminit
940 987 1276 1046 Quinffilianus
1304 990 1380 1034 In-

79 1066 361 1114 stitutionum
384 1068 700 1116 Oratoriarum
723 1069 802 1114 lib.
825 1070 871 1115 X
885 1105 898 1128 ‚
920 1086 1017 1131 cap.
1038 1071 1081 1127 1,
1105 1069 1174 1116 his
1192 1070 1343 1117 verbis
1362 1087 1380 1119 t

79 1153 224 1197 Fuerit
249 1152 382 1213 igitur
406 1153 584 1198 brevitas
616 1156 691 1197 illa
721 1152 921 1216 tutiffima
941 1187 954 1209 ‚
978 1170 1062 1213 quae
1087 1153 1140 1217 est
1157 1157 1277 1213 apud
1303 1157 1378 1201 Li·-

80 1235 195 1279 vium
227 1237 272 1279 in
306 1235 475 1301 epzstola
511 1236 571 1279 ad
586 1236 731 1294 filium
754 1235 916 1295 scripta
936 1270 950 1291 ‚
977 1237 1170 1295 legendos
1203 1238 1377 1283 Demo-

66 1316 281 1381 sthenem,
308 1332 429 1377 atque
464 1319 709 1363 Ciceronem.
760 1317 846 1362 Sed
877 1317 1073 1374 horum,
1104 1316 1219 1363 heu!
1256 1318 1376 1365 nihil

80 1414 271 1460 operum
291 1397 441 1444 exstat.
468 1399 641 1460 periere
662 1397 831 1446 scilicet
849 1435 861 1457 ‚
885 1416 969 1445 nec
991 1399 1052 1445 sat
1074 1398 1166 1446 scio
1191 1411 1375 1462 tempo-

78 1497 180 1527 rum
217 1479 414 1541 injuria,
445 1497 502 1527 an
540 1481 782 1528 hominum
826 1481 1002 1529 invidia
1041 1482 1376 1544 peffimorum?

78 1561 322 1610 Historiam
341 1562 442 1626 post
471 1563 566 1610 haec
593 1563 814 1628 aggressus
840 1564 901 1611 est
931 1563 1119 1624 scribere
1141 1566 1377 1614 Romana-

78 1663 179 1692 rum
215 1662 397 1705 rerum,
431 1664 568 1710 quam
608 1659 791 1694 centum
826 1650 876 1695 δε
911 1647 1206 1712 quadraginta
1245 1648 1374 1697 libris

77 1727 362 1787 absolverat,
384 1728 490 1776 licet
516 1746 616 1793 pars
644 1741 780 1777 tantae
807 1731 942 1778 molis
964 1730 1127 1796 exigua
1153 1749 1275 1779 nunc
1298 1733 1375 1780 su·

79 1810 226 1872 perfit.
275 1811 519 1875 Tringinta
551 1829 712 1876 nempe
744 1813 847 1859 libri
880 1825 1057 1861 tantum
1090 1815 1141 1862 &
1169 1815 1374 1879 quinque

79 1891 173 1953 ejus
198 1893 254 1939 ad
270 1909 355 1940 nos
384 1894 596 1941 Historiae
625 1912 874 1958 pervenere
888 1932 902 1955 ,
923 1896 1153 1959 deperdita
1170 1933 1183 1954 ,
1204 1910 1280 1944 aut
1304 1898 1374 1946 la·-

78 1975 237 2023 titante
268 1974 461 2023 secunda
498 1977 690 2035 decade,
724 1994 865 2041 eaque
892 1991 1051 2042 parte,
1077 1996 1177 2043 quae
1210 1978 1374 2045 seque-

78 2057 208 2106 batur
240 2058 404 2106 librum
431 2059 814 2124 quadragesimum
845 2062 1083 2126 quintum,
1108 2079 1270 2124 praeter
1298 2083 1372 2113 ar-

78 2153 324 2206 gumenta,
360 2158 461 2205 quae
493 2142 682 2190 Liviana
718 2144 918 2207 epitome
960 2145 1285 2205 nominantur,
1320 2151 1372 2199 δε

78 2223 156 2270 sub
181 2224 302 2271 Flori
324 2226 510 2272 nomine
531 2224 825 2274 celebrantur.
861 2229 1073 2276 Ceterum
1091 2266 1104 2287 ‚
1125 2247 1229 2277 cum
1251 2231 1373 2280 Livii

79 2305 221 2353 nostri
253 2319 342 2354 tres
372 2307 489 2356 solas
520 2308 707 2357 decades
739 2310 1031 2360 haberemus:
1064 2314 1274 2376 proxime
1302 2313 1371 2359 su-

80 2389 334 2453 perioribus
364 2391 492 2439 annis
518 2392 666 2443 lucem
690 2407 963 2459 acceperunt
992 2395 1198 2461 quinque
1218 2395 1291 2443 alii
1314 2395 1370 2442 li-

146 2473 198 2520 T.
219 2476 316 2526 Liy.
346 2478 444 2524 Vol.
465 2479 503 2525 Ι.
1047 2479 1078 2525 b
