1680 2803
589 96 911 143 VITA.
1327 108 1407 142 vn

103 203 291 260 multis;
323 201 396 249 sed
420 201 629 265 inprimis
661 201 905 250 Claudiani
939 202 1152 248 Poemate
1184 201 1408 265 singulari.

102 287 302 347 Quidam
329 285 464 332 etiam
487 287 630 332 Titulo
649 321 662 339 ‚
687 286 810 332 Vico
833 302 928 331 non
956 285 1149 347 ignobili
1175 285 1291 331 inter
1315 288 1408 331 Eu·-

103 386 274 434 ganeos
301 368 442 416 colles
461 405 475 426 ,
501 371 550 416 T.
574 373 690 416 Livii
720 368 887 415 natales
908 366 1192 420 adscribunt,
1213 368 1407 430 indeque

106 454 146 499 T
144 456 194 501 ivi
228 469 496 515 praenomen
525 450 645 499 illius
675 453 870 499 trahunt.
908 450 1046 513 Atqui
1074 452 1192 497 Titus
1223 467 1408 512 praeno·

101 552 206 584 men
227 537 490 583 Romanum
518 547 638 584 erat:
664 536 727 582 ob
757 536 893 598 idque
920 533 1195 579 credendum
1225 534 1407 595 potius,

106 621 241 666 Tituli
264 618 423 666 vicum
452 637 476 666 a
503 623 628 667 Livio
647 618 804 666 nostro
827 617 1021 674 dicium,
1048 633 1181 679 quam
1208 616 1273 662 illi
1294 635 1408 679 prae-

102 719 275 749 nomen
298 702 352 749 de
374 702 453 749 suo
478 702 665 750 nomine
694 700 927 766 peperiffe.
968 702 1139 746 Verum
1161 699 1407 747 enimvero

104 784 328 834 abutentis
362 784 425 832 est
459 785 561 832 otio
602 783 860 848 hujusmodi
895 783 1070 832 somnia
1104 783 1245 832 literis
1285 801 1404 832 con-

102 868 292 933 signare.

182 957 312 1020 Quid
347 957 474 1023 quod
508 956 688 1007 Liviam
717 958 947 1009 Familiam
988 959 1107 1009 inter
1140 961 1319 1010 nobiles
1353 963 1405 1010 &

105 1041 294 1090 illustres
317 1041 556 1090 Patavinas
578 1041 735 1090 locant
756 1043 1073 1109 inscriptiones
1097 1045 1284 1093 multae:
1319 1062 1404 1093 nec

105 1126 196 1172 ulla
230 1142 385 1173 earum
424 1128 593 1173 Livium
625 1125 870 1175 Titulensis
910 1128 1059 1176 villici
1095 1127 1238 1176 filium
1277 1128 1403 1177 fuiffe

105 1209 293 1273 prodit?
320 1208 434 1273 quin
463 1210 515 1257 &
541 1208 669 1256 illum
691 1209 861 1258 editum
892 1211 1251 1274 praestantiffimo
1275 1225 1403 1276 patre

107 1291 260 1356 (licet
287 1291 422 1339 nobis
441 1292 564 1339 illius
586 1308 758 1340 nomen
784 1295 978 1343 vetustas
1009 1295 1265 1359 inviderit)
1286 1296 1403 1342 libe—

108 1376 211 1423 ralis
239 1374 333 1438 ejus
361 1376 599 1435 educati0‚
627 1375 792 1437 studia,
812 1380 861 1426 ὅ(
886 1379 1081 1427 accessus
1109 1381 1331 1438 Romam,
1353 1389 1403 1425 ut

107 1458 317 1523 Augustae
343 1459 454 1506 aulae
485 1457 751 1520 inserviret,
773 1459 920 1509 facere
952 1463 1099 1526 palam
1127 1462 1326 1526 possunt.

174 1552 319 1599 Natus
338 1552 414 1600 ille
433 1567 577 1616 porro
600 1553 796 1612 Patavii,
819 1572 890 1603 an.
911 1573 971 1604 m.
994 1569 1404 1613 MMMMMCXLH,

108 1634 390 1699 Olympiade
429 1635 657 1682 CLXXX
677 1671 692 1694 ‚
712 1654 835 1685 anno
871 1640 939 1697 11,
966 1656 1060 1702 quo
1091 1640 1142 1687 &
1176 1650 1309 1685 natus
1338 1639 1404 1684 M.

107 1718 315 1765 Valerius
348 1718 528 1765 Meffala
543 1754 558 1777 ,
582 1718 691 1766 teste
717 1720 780 1768 D.
802 1720 1099 1786 Hieronymo
1124 1721 1173 1769 in
1196 1721 1405 1768 Chroni-

107 1800 198 1859 cis,
225 1817 361 1864 quem
386 1801 535 1848 laudat
554 1801 687 1848 etiam
705 1803 889 1852 Voffius
917 1805 1014 1854 Lib.
1047 1808 1066 1852 I
1090 1805 1144 1851 de
1166 1803 1405 1851 Historicis

108 1882 299 1941 Latinis,
319 1885 370 1931 &
389 1884 650 1932 Cremutius
668 1886 832 1936 Cordo
852 1888 968 1952 apud
989 1888 1203 1936 Tacitum
1224 1885 1322 1935 Lib.
1341 1887 1404 1934 1V

108 1964 370 2013 Annalium.

171 2064 328 2112 Primo
361 2064 503 2114 aetatis
528 2082 638 2114 vere
666 2066 884 2132 singulare
914 2066 1057 2116 statim
1084 2068 1204 2117 illius
1232 2070 1405 2135 ingenii

108 2163 299 2194 acumen
322 2140 536 2208 emicuit,
563 2149 688 2212 cujus
714 2150 759 2196 in
793 2150 945 2198 fronte
961 2188 976 2209 ,
999 2152 1161 2212 vultu,
1184 2154 1235 2201 δε
1261 2155 1407 2200 oculis

108 2229 311 2277 habitare
340 2230 624 2291 humanitas,
650 2231 758 2280 fides
787 2232 836 2280 in
859 2235 1042 2297 peftore
1059 2272 1073 2293 ‚
1101 2236 1300 2300 gravitas
1325 2236 1405 2287 de-

111 2328 237 2358 mum
261 2313 312 2359 &
343 2314 536 2362 comitas
566 2315 800 2363 unanimes
825 2316 1112 2365 videbantur.

177 2402 308 2450 Nihil
327 2419 385 2451 eo
404 2404 655 2466 venustius,
674 2406 783 2455 nihil
810 2407 1045 2456 amabilius
1075 2408 1183 2473 fingi
1212 2420 1400 2473 poterat.

1062 2491 1083 2518 3
1108 2493 1127 2535 3
