1582 2793
296 133 911 183 HISTORIARUM
962 133 1096 180 LlB.
1143 136 1239 183 111.
1342 151 1427 200 225

126 242 297 292 Judicia
337 242 464 290 domi
510 240 802 299 conflabant,
838 243 1199 304 pronuntiabant
1237 243 1280 290 in
1312 242 1436 291 foro.

119 318 166 364 Si
200 317 301 382 quis
331 315 553 379 collegam
585 313 872 378 appellasset,
906 315 961 360 ab
993 332 1079 372 eo,
1106 317 1161 363 ad
1194 334 1326 380 quem
1350 334 1434 364 ve-

125 405 282 451 nerat,
320 391 377 437 ita
407 389 661 437 discedebat
683 425 696 447 ,
729 401 779 435 ut
814 388 1092 452 poeniteret,
1134 409 1228 438 non
1266 394 1433 455 prioris

122 467 309 516 decreto
338 466 513 513 stetisse.
542 465 722 529 Opinio
745 465 879 512 etiam
899 464 990 512 fine
1017 466 1204 513 au‘E'tore
1236 469 1433 528 exierat,

124 559 222 590 non
242 542 288 589 in
318 539 546 605 praesentis
567 538 711 586 modo
745 539 965 601 temporis
989 555 1068 586 eos
1088 538 1296 600 irijurlam
1319 559 1434 589 con-

124 615 332 680 spirasse,
367 614 441 661 sed
471 613 621 660 foedus
656 612 985 660 clandestinum
1010 612 1129 660 inter
1162 615 1281 676 ipsos
1312 616 1431 677 jure-

123 689 321 755 jurando
345 689 480 735 icium
499 724 513 746 ,
543 704 598 733 ne
618 686 805 734 comitia
835 686 1051 733 haberent
1071 723 1085 745 ,
1116 704 1432 752 perpetuoque

123 763 432 811 decemviratu
455 759 694 824 possessum
723 758 859 805 semel
889 758 1152 806 obtinerent
1173 760 1430 824 imperium.

191 835 434 883 XXXVII.
469 831 856 894 Circu1nspe&are
884 843 980 877 tum
1002 832 1301 893 patriciorum
1324 836 1432 882 vul-

123 925 196 957 tus
225 907 390 970 plebeji
409 943 422 964 ,
451 908 502 954 &
531 905 636 953 inde
668 904 886 951 libertatis
918 920 1096 966 captare
1132 921 1285 952 auram
1308 943 1321 965 ,
1347 925 1431 954 una

122 981 181 1026 de
217 977 482 1025 servitutem
516 975 722 1022 timendo
758 974 804 1020 in
835 991 938 1021 eum
974 975 1135 1021 statum
1179 979 1432 1040 rempubli-

122 1069 225 1100 cam
258 1051 550 1097 adduxerant,
588 1047 815 1094 Primores
851 1049 1031 1094 Parrum
1068 1049 1208 1096 odiffe
1231 1052 1430 1100 decem-

124 1125 288 1182 viros,
322 1122 463 1170 odiffe
491 1121 693 1184 plebem:
731 1138 818 1169 nec
849 1123 1073 1184 probare,
1107 1140 1207 1187 quae
1237 1125 1432 1183 fierent3

124 1201 177 1246 &
212 1197 422 1254 credere,
449 1194 567 1242 haud
594 1194 791 1258 indignis
825 1195 1028 1243 accidere
1050 1215 1061 1244 ε
1091 1199 1224 1247 avide
1250 1202 1430 1248 ruendo

123 1272 181 1319 ad
210 1272 463 1318 libertatem
494 1269 540 1315 in
566 1268 831 1316 servitutem
868 1270 1040 1334 elapsos
1072 1270 1234 1333 juvare
1271 1276 1394 1322 nolle
1416 1295 1430 1324 ε

121 1345 354 1394 cumulare
389 1360 576 1408 quoque
612 1342 797 1405 injurias
819 1380 832 1402 ,
873 1357 923 1392 ut
958 1345 1097 1392 taedio
1136 1348 1433 1410 praesentium

123 1418 336 1467 consules
367 1419 461 1465 duo
492 1417 673 1464 tandem
703 1419 753 1466 &
785 1418 920 1465 status
952 1419 1162 1482 pristinus
1189 1439 1341 1470 rerum
1379 1427 1428 1472 in

122 1491 394 1539 desiderium
417 1490 619 1538 veniant.
649 1492 744 1538 Jam
773 1492 824 1539 δε
853 1491 1126 1554 processerat
1157 1512 1259 1557 pars
1281 1496 1431 1558 major

123 1564 260 1623 anni,
291 1566 341 1612 &
362 1564 464 1610 duae
494 1563 658 1610 tabulae
685 1564 832 1628 legum
859 1565 914 1613 ad
935 1566 1103 1629 prioris
1131 1568 1240 1614 anni
1271 1570 1430 1619 decem

122 1639 298 1686 tabulas
320 1651 447 1686 erant
480 1637 689 1701 adje8tae:
722 1657 806 1687 nec
839 1640 1086 1705 quidquam
1116 1641 1206 1705 jam
1243 1644 1428 1708 supere-

123 1728 223 1774 rat,
257 1715 290 1761 fi
324 1714 393 1761 hae
427 1731 613 1779 quoque
650 1715 768 1780 leges
801 1717 1063 1764 centuriatis
1095 1718 1295 1767 comitiis
1327 1739 1430 1785 per*

126 1788 225 1836 latae
255 1789 420 1849 effent,
447 1807 528 1837 cur
556 1807 613 1837 eo
634 1791 895 1856 magistratu
923 1792 1184 1855 reipublicae
1217 1811 1334 1858 opus
1365 1797 1429 1844 es-

126 1862 203 1910 set.
237 1863 593 1926 Exspectabam,
624 1881 758 1929 quam
788 1883 900 1912 mox
928 1867 1191 1915 consulibus
1223 1873 1430 1921 creandis

125 1938 314 1986 comitia
334 1938 632 1986 edicerentur.
660 1940 708 1985 1d
725 1940 868 1986 modo
888 1940 1040 2003 plebes
1065 1942 1284 2006 agitabat,
1305 1962 1427 2009 quo-

127 2027 232 2057 nam
269 2010 412 2057 modo
443 2011 736 2058 tribuniciam
766 2012 1063 2074 potestatem,
1091 2015 1430 2066 munimentum

127 2083 354 2143 libertati,
390 2101 486 2131 rem
510 2085 828 2145 intermissam,
864 2099 1138 2149 repararent.
1170 2088 1290 2136 Cum
1312 2090 1428 2138 inte-

125 2158 213 2206 rim
236 2157 411 2205 mentio
431 2158 730 2205 comitiorum
763 2158 886 2205 nulla
913 2157 1011 2205 fieri
1030 2195 1043 2218 ‚
1067 2161 1119 2208 &
1149 2161 1428 2223 decemviri,

127 2232 209 2298 qui
235 2233 386 2297 primo
421 2233 697 2281 tribunicios
727 2233 967 2293 homines,
996 2236 1100 2300 quia
1129 2235 1175 2283 id
1206 2240 1430 2302 populare

128 2307 402 2366 habebatur,
434 2307 609 2355 circum
642 2307 683 2355 se
704 2308 1045 2359 ostentaverant
1073 2312 1251 2376 plebei,
1287 2316 1431 2377 patri-

127 2380 210 2428 ciis
240 2379 482 2441 juvenibus
511 2379 734 2444 sepserant
760 2381 910 2429 latera.
945 2400 1104 2430 eorum
1132 2398 1322 2433 catervae
1352 2389 1433 2435 tri-

128 2453 309 2501 bunalia
328 2452 611 2505 obsederant.
645 2455 706 2504 Hi
734 2453 881 2516 ferre,
909 2473 1040 2522 agere
1064 2458 1242 2521 plebem
1263 2461 1430 2525 plebis-

195 2530 247 2576 T.
269 2532 365 2576 Liv.
397 2533 495 2579 Vol.
518 2533 554 2578 l.
1126 2532 1159 2576 P
