<?xml version="1.0" encoding="UTF-8"?>
<!DOCTYPE html PUBLIC "-//W3C//DTD XHTML 1.0 Transitional//EN"
    "http://www.w3.org/TR/xhtml1/DTD/xhtml1-transitional.dtd">
<html xmlns="http://www.w3.org/1999/xhtml" xml:lang="en" lang="en">
 <head>
  <title>
</title>
<meta http-equiv="Content-Type" content="text/html;charset=utf-8" />
  <meta name='ocr-system' content='tesseract 3.04.00' />
  <meta name='ocr-capabilities' content='ocr_page ocr_carea ocr_par ocr_line ocrx_word'/>
</head>
<body>
  <div class='ocr_page' id='page_1' title='image "./historiarumlibri01livyuoft_0210.png"; bbox 0 0 1582 2793; ppageno 0'>
   <div class='ocr_carea' id='block_1_1' title="bbox 199 168 1117 226">
    <p class='ocr_par' dir='ltr' id='par_1_1' title="bbox 199 168 1117 226">
     <span class='ocr_line' id='line_1_1' title="bbox 199 168 1117 226; baseline 0.009 -14"><span class='ocrx_word' id='word_1_1' title='bbox 199 171 259 226; x_wconf 75' lang='lat'>46</span> <span class='ocrx_word' id='word_1_2' title='bbox 555 168 1117 220; x_wconf 83' lang='lat' dir='ltr'><strong>TITILIVII</strong></span> 
     </span>
    </p>
   </div>
   <div class='ocr_carea' id='block_1_2' title="bbox 168 277 1487 2549">
    <p class='ocr_par' dir='ltr' id='par_1_2' title="bbox 168 277 1487 2549">
     <span class='ocr_line' id='line_1_2' title="bbox 278 277 1487 344; baseline 0.004 -19"><span class='ocrx_word' id='word_1_3' title='bbox 278 277 477 325; x_wconf 86' lang='lat' dir='ltr'>XXIX.</span> <span class='ocrx_word' id='word_1_4' title='bbox 515 280 637 325; x_wconf 80' lang='lat' dir='ltr'><strong>Inter</strong></span> <span class='ocrx_word' id='word_1_5' title='bbox 672 278 768 327; x_wconf 85' lang='lat' dir='ltr'>haec</span> <span class='ocrx_word' id='word_1_6' title='bbox 802 278 890 341; x_wconf 83' lang='lat' dir='ltr'>jam</span> <span class='ocrx_word' id='word_1_7' title='bbox 925 281 1131 344; x_wconf 83' lang='lat' dir='ltr'>praemiffi</span> <span class='ocrx_word' id='word_1_8' title='bbox 1165 282 1328 331; x_wconf 83' lang='lat' dir='ltr'>Albam</span> <span class='ocrx_word' id='word_1_9' title='bbox 1362 297 1487 331; x_wconf 85' lang='lat' dir='ltr'>erant</span> 
     </span>
     <span class='ocr_line' id='line_1_3' title="bbox 194 348 1485 418; baseline 0.005 -19"><span class='ocrx_word' id='word_1_10' title='bbox 194 354 368 418; x_wconf 79' lang='lat' dir='ltr'>equites</span> <span class='ocrx_word' id='word_1_11' title='bbox 382 390 396 413; x_wconf 91' lang='lat'><strong>,</strong></span> <span class='ocrx_word' id='word_1_12' title='bbox 421 352 500 417; x_wconf 87' lang='lat' dir='ltr'>qui</span> <span class='ocrx_word' id='word_1_13' title='bbox 518 352 851 401; x_wconf 78' lang='lat' dir='ltr'>multitudinem</span> <span class='ocrx_word' id='word_1_14' title='bbox 872 357 1157 403; x_wconf 82' lang='lat' dir='ltr'><strong>traducerent</strong></span> <span class='ocrx_word' id='word_1_15' title='bbox 1171 358 1381 405; x_wconf 86' lang='lat' dir='ltr'><strong>Romam.</strong></span> <span class='ocrx_word' id='word_1_16' title='bbox 1402 348 1485 405; x_wconf 34' lang='lat' dir='ltr'>Le*-</span> 
     </span>
     <span class='ocr_line' id='line_1_4' title="bbox 191 426 1484 493; baseline 0.005 -21"><span class='ocrx_word' id='word_1_17' title='bbox 191 426 352 490; x_wconf 78' lang='lat' dir='ltr'>giones</span> <span class='ocrx_word' id='word_1_18' title='bbox 387 426 546 473; x_wconf 92' lang='lat' dir='ltr'>deinde</span> <span class='ocrx_word' id='word_1_19' title='bbox 583 426 727 475; x_wconf 61' lang='lat' dir='ltr'>duelae</span> <span class='ocrx_word' id='word_1_20' title='bbox 761 428 817 474; x_wconf 92' lang='lat' dir='ltr'>ad</span> <span class='ocrx_word' id='word_1_21' title='bbox 850 428 1111 477; x_wconf 73' lang='lat' dir='ltr'>diruendam</span> <span class='ocrx_word' id='word_1_22' title='bbox 1147 432 1318 479; x_wconf 90' lang='lat' dir='ltr'>urbem.</span> <span class='ocrx_word' id='word_1_23' title='bbox 1365 434 1484 493; x_wconf 83' lang='lat' dir='ltr'>Quae</span> 
     </span>
     <span class='ocr_line' id='line_1_5' title="bbox 191 501 1483 568; baseline 0.006 -21"><span class='ocrx_word' id='word_1_24' title='bbox 191 501 271 548; x_wconf 89' lang='lat' dir='ltr'>ubi</span> <span class='ocrx_word' id='word_1_25' title='bbox 303 502 529 549; x_wconf 88' lang='lat' dir='ltr'>intravere</span> <span class='ocrx_word' id='word_1_26' title='bbox 565 514 719 564; x_wconf 91' lang='lat' dir='ltr'>portas</span> <span class='ocrx_word' id='word_1_27' title='bbox 740 539 753 561; x_wconf 86' lang='lat'>‚</span> <span class='ocrx_word' id='word_1_28' title='bbox 792 520 888 550; x_wconf 90' lang='lat' dir='ltr'>non</span> <span class='ocrx_word' id='word_1_29' title='bbox 926 506 1110 568; x_wconf 87' lang='lat' dir='ltr'>&#39;quidem</span> <span class='ocrx_word' id='word_1_30' title='bbox 1147 506 1233 554; x_wconf 89' lang='lat' dir='ltr'>fuit</span> <span class='ocrx_word' id='word_1_31' title='bbox 1265 506 1483 555; x_wconf 88' lang='lat' dir='ltr'>tumultus</span> 
     </span>
     <span class='ocr_line' id='line_1_6' title="bbox 189 575 1483 640; baseline 0.003 -18"><span class='ocrx_word' id='word_1_32' title='bbox 189 576 265 622; x_wconf 88' lang='lat' dir='ltr'>ille</span> <span class='ocrx_word' id='word_1_33' title='bbox 283 612 297 635; x_wconf 84' lang='lat'><strong><em>‚</em></strong></span> <span class='ocrx_word' id='word_1_34' title='bbox 326 593 411 623; x_wconf 91' lang='lat' dir='ltr'>nec</span> <span class='ocrx_word' id='word_1_35' title='bbox 439 592 616 639; x_wconf 80' lang='lat' dir='ltr'>pavor,</span> <span class='ocrx_word' id='word_1_36' title='bbox 650 575 796 640; x_wconf 87' lang='lat' dir='ltr'>qualis</span> <span class='ocrx_word' id='word_1_37' title='bbox 827 589 1056 640; x_wconf 87' lang='lat' dir='ltr'>captarum</span> <span class='ocrx_word' id='word_1_38' title='bbox 1082 580 1170 627; x_wconf 83' lang='lat' dir='ltr'>effe</span> <span class='ocrx_word' id='word_1_39' title='bbox 1192 580 1373 628; x_wconf 92' lang='lat' dir='ltr'>urbium</span> <span class='ocrx_word' id='word_1_40' title='bbox 1406 578 1483 626; x_wconf 89' lang='lat' dir='ltr'>so-</span> 
     </span>
     <span class='ocr_line' id='line_1_7' title="bbox 189 646 1481 712; baseline 0.003 -16"><span class='ocrx_word' id='word_1_41' title='bbox 189 650 285 706; x_wconf 87' lang='lat' dir='ltr'>let;</span> <span class='ocrx_word' id='word_1_42' title='bbox 313 666 415 696; x_wconf 90' lang='lat' dir='ltr'>cum</span> <span class='ocrx_word' id='word_1_43' title='bbox 435 684 448 707; x_wconf 88' lang='lat'>‚</span> <span class='ocrx_word' id='word_1_44' title='bbox 486 646 674 694; x_wconf 73' lang='lat' dir='ltr'>effraffis</span> <span class='ocrx_word' id='word_1_45' title='bbox 705 648 848 711; x_wconf 88' lang='lat' dir='ltr'>portis</span> <span class='ocrx_word' id='word_1_46' title='bbox 869 685 884 708; x_wconf 91' lang='lat'>,</span> <span class='ocrx_word' id='word_1_47' title='bbox 913 650 1111 699; x_wconf 87' lang='lat' dir='ltr'>stratisve</span> <span class='ocrx_word' id='word_1_48' title='bbox 1143 652 1278 700; x_wconf 83' lang='lat' dir='ltr'>ariete</span> <span class='ocrx_word' id='word_1_49' title='bbox 1311 652 1481 712; x_wconf 85' lang='lat' dir='ltr'>muris,</span> 
     </span>
     <span class='ocr_line' id='line_1_8' title="bbox 187 720 1480 788; baseline 0.003 -20"><span class='ocrx_word' id='word_1_50' title='bbox 187 734 264 769; x_wconf 91' lang='lat' dir='ltr'>aut</span> <span class='ocrx_word' id='word_1_51' title='bbox 297 738 398 769; x_wconf 90' lang='lat' dir='ltr'>arce</span> <span class='ocrx_word' id='word_1_52' title='bbox 438 720 486 768; x_wconf 92' lang='lat' dir='ltr'>vi</span> <span class='ocrx_word' id='word_1_53' title='bbox 517 732 643 784; x_wconf 84' lang='lat' dir='ltr'>capta</span> <span class='ocrx_word' id='word_1_54' title='bbox 663 756 678 779; x_wconf 83' lang='grc'>,</span> <span class='ocrx_word' id='word_1_55' title='bbox 709 720 883 768; x_wconf 88' lang='lat' dir='ltr'>clamor</span> <span class='ocrx_word' id='word_1_56' title='bbox 914 722 1088 771; x_wconf 89' lang='lat' dir='ltr'>hostilis</span> <span class='ocrx_word' id='word_1_57' title='bbox 1126 725 1178 772; x_wconf 89' lang='lat'>&amp;</span> <span class='ocrx_word' id='word_1_58' title='bbox 1213 725 1363 773; x_wconf 87' lang='lat' dir='ltr'>cursus</span> <span class='ocrx_word' id='word_1_59' title='bbox 1399 742 1480 788; x_wconf 87' lang='lat' dir='ltr'>per</span> 
     </span>
     <span class='ocr_line' id='line_1_9' title="bbox 185 794 1478 863; baseline 0.002 -19"><span class='ocrx_word' id='word_1_60' title='bbox 185 797 344 844; x_wconf 87' lang='lat' dir='ltr'>urbem</span> <span class='ocrx_word' id='word_1_61' title='bbox 365 807 639 842; x_wconf 87' lang='lat' dir='ltr'>armatorum</span> <span class='ocrx_word' id='word_1_62' title='bbox 669 794 825 842; x_wconf 86' lang='lat' dir='ltr'>omnia</span> <span class='ocrx_word' id='word_1_63' title='bbox 858 795 978 843; x_wconf 86' lang='lat' dir='ltr'>ferro</span> <span class='ocrx_word' id='word_1_64' title='bbox 1006 797 1276 863; x_wconf 86' lang='lat' dir='ltr'>flammaque</span> <span class='ocrx_word' id='word_1_65' title='bbox 1296 799 1478 849; x_wconf 87' lang='lat' dir='ltr'>miscet:</span> 
     </span>
     <span class='ocr_line' id='line_1_10' title="bbox 184 866 1475 920; baseline 0.005 -6"><span class='ocrx_word' id='word_1_66' title='bbox 184 867 259 914; x_wconf 93' lang='lat' dir='ltr'>sed</span> <span class='ocrx_word' id='word_1_67' title='bbox 280 867 502 913; x_wconf 72' lang='lat' dir='ltr'>silentium</span> <span class='ocrx_word' id='word_1_68' title='bbox 521 866 642 913; x_wconf 85' lang='lat' dir='ltr'>triste</span> <span class='ocrx_word' id='word_1_69' title='bbox 662 883 712 914; x_wconf 89' lang='lat' dir='ltr'>ac</span> <span class='ocrx_word' id='word_1_70' title='bbox 730 867 862 915; x_wconf 87' lang='lat' dir='ltr'>tacita</span> <span class='ocrx_word' id='word_1_71' title='bbox 883 870 1095 918; x_wconf 87' lang='lat' dir='ltr'>moestitia</span> <span class='ocrx_word' id='word_1_72' title='bbox 1114 872 1175 918; x_wconf 89' lang='lat' dir='ltr'>ita</span> <span class='ocrx_word' id='word_1_73' title='bbox 1198 871 1353 920; x_wconf 83' lang='lat' dir='ltr'>defixit</span> <span class='ocrx_word' id='word_1_74' title='bbox 1377 890 1475 920; x_wconf 86' lang='lat' dir='ltr'>om-</span> 
     </span>
     <span class='ocr_line' id='line_1_11' title="bbox 183 939 1474 1010; baseline 0.005 -23"><span class='ocrx_word' id='word_1_75' title='bbox 183 940 312 988; x_wconf 88' lang='lat' dir='ltr'>nium</span> <span class='ocrx_word' id='word_1_76' title='bbox 339 939 543 998; x_wconf 65' lang='lat' dir='ltr'>animm,</span> <span class='ocrx_word' id='word_1_77' title='bbox 570 955 621 985; x_wconf 88' lang='lat' dir='ltr'>ut</span> <span class='ocrx_word' id='word_1_78' title='bbox 649 956 743 1002; x_wconf 83' lang='lat' dir='ltr'>prae</span> <span class='ocrx_word' id='word_1_79' title='bbox 776 953 900 988; x_wconf 88' lang='lat' dir='ltr'>metu</span> <span class='ocrx_word' id='word_1_80' title='bbox 928 943 1089 1003; x_wconf 79' lang='lat' dir='ltr'>obliti,</span> <span class='ocrx_word' id='word_1_81' title='bbox 1119 944 1230 1010; x_wconf 89' lang='lat' dir='ltr'>quid</span> <span class='ocrx_word' id='word_1_82' title='bbox 1248 946 1474 1010; x_wconf 83' lang='lat' dir='ltr'>relinque·</span> 
     </span>
     <span class='ocr_line' id='line_1_12' title="bbox 183 1014 1474 1079; baseline 0.002 -16"><span class='ocrx_word' id='word_1_83' title='bbox 183 1028 314 1075; x_wconf 79' lang='lat' dir='ltr'>rent,</span> <span class='ocrx_word' id='word_1_84' title='bbox 351 1015 461 1079; x_wconf 88' lang='lat' dir='ltr'>quid</span> <span class='ocrx_word' id='word_1_85' title='bbox 478 1014 624 1062; x_wconf 88' lang='lat' dir='ltr'>secum</span> <span class='ocrx_word' id='word_1_86' title='bbox 656 1014 852 1075; x_wconf 87' lang='lat' dir='ltr'>ferrent,</span> <span class='ocrx_word' id='word_1_87' title='bbox 887 1016 1122 1065; x_wconf 86' lang='lat' dir='ltr'>deficiente</span> <span class='ocrx_word' id='word_1_88' title='bbox 1145 1019 1366 1079; x_wconf 82' lang='lat' dir='ltr'>consilio,</span> <span class='ocrx_word' id='word_1_89' title='bbox 1392 1036 1474 1066; x_wconf 91' lang='lat' dir='ltr'>ro-</span> 
     </span>
     <span class='ocr_line' id='line_1_13' title="bbox 183 1088 1472 1156; baseline 0.002 -19"><span class='ocrx_word' id='word_1_90' title='bbox 183 1088 463 1156; x_wconf 79' lang='lat' dir='ltr'>gitantesque</span> <span class='ocrx_word' id='word_1_91' title='bbox 490 1089 564 1135; x_wconf 89' lang='lat' dir='ltr'>alii</span> <span class='ocrx_word' id='word_1_92' title='bbox 597 1089 739 1149; x_wconf 77' lang='lat' dir='ltr'>alios,</span> <span class='ocrx_word' id='word_1_93' title='bbox 773 1108 896 1138; x_wconf 88' lang='lat' dir='ltr'>nunc</span> <span class='ocrx_word' id='word_1_94' title='bbox 928 1091 975 1137; x_wconf 88' lang='lat' dir='ltr'>in</span> <span class='ocrx_word' id='word_1_95' title='bbox 1005 1092 1235 1140; x_wconf 85' lang='lat' dir='ltr'>liminibus</span> <span class='ocrx_word' id='word_1_96' title='bbox 1271 1092 1472 1154; x_wconf 86' lang='lat' dir='ltr'>starent,</span> 
     </span>
     <span class='ocr_line' id='line_1_14' title="bbox 182 1163 1471 1226; baseline 0.002 -16"><span class='ocrx_word' id='word_1_97' title='bbox 182 1181 308 1211; x_wconf 88' lang='lat' dir='ltr'>nune</span> <span class='ocrx_word' id='word_1_98' title='bbox 339 1163 578 1210; x_wconf 82' lang='lat' dir='ltr'>errabundi</span> <span class='ocrx_word' id='word_1_99' title='bbox 603 1163 768 1211; x_wconf 87' lang='lat' dir='ltr'>domos</span> <span class='ocrx_word' id='word_1_100' title='bbox 790 1164 910 1226; x_wconf 84' lang='lat' dir='ltr'>suas,</span> <span class='ocrx_word' id='word_1_101' title='bbox 940 1165 1146 1214; x_wconf 86' lang='lat' dir='ltr'>ultimum</span> <span class='ocrx_word' id='word_1_102' title='bbox 1167 1166 1278 1213; x_wconf 91' lang='lat' dir='ltr'>illud</span> <span class='ocrx_word' id='word_1_103' title='bbox 1298 1166 1471 1226; x_wconf 88' lang='lat' dir='ltr'>visuri,</span> 
     </span>
     <span class='ocr_line' id='line_1_15' title="bbox 180 1237 1471 1305; baseline 0.005 -22"><span class='ocrx_word' id='word_1_104' title='bbox 180 1249 552 1301; x_wconf 79' lang='lat' dir='ltr'>pervagarentur.</span> <span class='ocrx_word' id='word_1_105' title='bbox 578 1239 652 1305; x_wconf 40' lang='lat' dir='ltr'>‘Ut</span> <span class='ocrx_word' id='word_1_106' title='bbox 677 1255 790 1286; x_wconf 87' lang='lat' dir='ltr'>vero</span> <span class='ocrx_word' id='word_1_107' title='bbox 810 1237 899 1301; x_wconf 86' lang='lat' dir='ltr'>jam</span> <span class='ocrx_word' id='word_1_108' title='bbox 921 1239 1122 1304; x_wconf 88' lang='lat' dir='ltr'>equitum</span> <span class='ocrx_word' id='word_1_109' title='bbox 1143 1241 1316 1289; x_wconf 89' lang='lat' dir='ltr'>clamor</span> <span class='ocrx_word' id='word_1_110' title='bbox 1346 1241 1471 1290; x_wconf 85' lang='lat' dir='ltr'>exire</span> 
     </span>
     <span class='ocr_line' id='line_1_16' title="bbox 178 1308 1471 1377; baseline 0 -20"><span class='ocrx_word' id='word_1_111' title='bbox 178 1310 431 1374; x_wconf 84' lang='lat' dir='ltr'>jubentium</span> <span class='ocrx_word' id='word_1_112' title='bbox 456 1309 668 1368; x_wconf 84' lang='lat' dir='ltr'>instabat,</span> <span class='ocrx_word' id='word_1_113' title='bbox 694 1308 785 1372; x_wconf 88' lang='lat' dir='ltr'>jam</span> <span class='ocrx_word' id='word_1_114' title='bbox 808 1309 963 1375; x_wconf 86' lang='lat' dir='ltr'>fragor</span> <span class='ocrx_word' id='word_1_115' title='bbox 996 1313 1246 1372; x_wconf 66' lang='lat' dir='ltr'>teflorum,</span> <span class='ocrx_word' id='word_1_116' title='bbox 1279 1329 1381 1377; x_wconf 85' lang='lat' dir='ltr'>quae</span> <span class='ocrx_word' id='word_1_117' title='bbox 1399 1313 1471 1359; x_wconf 73' lang='lat' dir='ltr'>‹li-</span> 
     </span>
     <span class='ocr_line' id='line_1_17' title="bbox 179 1383 1470 1450; baseline 0.001 -19"><span class='ocrx_word' id='word_1_118' title='bbox 179 1384 453 1441; x_wconf 69' lang='lat' dir='ltr'>utebantur,</span> <span class='ocrx_word' id='word_1_119' title='bbox 486 1383 655 1430; x_wconf 83' lang='lat' dir='ltr'>ultimis</span> <span class='ocrx_word' id='word_1_120' title='bbox 682 1383 806 1431; x_wconf 83' lang='lat' dir='ltr'>urbis</span> <span class='ocrx_word' id='word_1_121' title='bbox 826 1385 1027 1448; x_wconf 87' lang='lat' dir='ltr'>partibus</span> <span class='ocrx_word' id='word_1_122' title='bbox 1056 1387 1345 1446; x_wconf 80' lang='lat' dir='ltr'>audiebatur,</span> <span class='ocrx_word' id='word_1_123' title='bbox 1365 1387 1470 1450; x_wconf 85' lang='lat' dir='ltr'>pul-</span> 
     </span>
     <span class='ocr_line' id='line_1_18' title="bbox 178 1457 1467 1522; baseline 0.002 -16"><span class='ocrx_word' id='word_1_124' title='bbox 178 1457 366 1521; x_wconf 82' lang='lat' dir='ltr'>visque,</span> <span class='ocrx_word' id='word_1_125' title='bbox 386 1475 443 1504; x_wconf 81' lang='lat' dir='ltr'>ex</span> <span class='ocrx_word' id='word_1_126' title='bbox 473 1457 736 1506; x_wconf 85' lang='lat' dir='ltr'>distantibus</span> <span class='ocrx_word' id='word_1_127' title='bbox 756 1459 868 1508; x_wconf 91' lang='lat' dir='ltr'>locis</span> <span class='ocrx_word' id='word_1_128' title='bbox 901 1473 1056 1522; x_wconf 80' lang='lat' dir='ltr'>ortus,</span> <span class='ocrx_word' id='word_1_129' title='bbox 1089 1463 1216 1509; x_wconf 88' lang='lat' dir='ltr'>velut</span> <span class='ocrx_word' id='word_1_130' title='bbox 1246 1462 1365 1508; x_wconf 90' lang='lat' dir='ltr'>nube</span> <span class='ocrx_word' id='word_1_131' title='bbox 1392 1461 1467 1508; x_wconf 90' lang='lat' dir='ltr'>in-</span> 
     </span>
     <span class='ocr_line' id='line_1_19' title="bbox 177 1531 1468 1600; baseline 0.002 -22"><span class='ocrx_word' id='word_1_132' title='bbox 177 1532 307 1579; x_wconf 59' lang='lat' dir='ltr'>duZla</span> <span class='ocrx_word' id='word_1_133' title='bbox 337 1531 492 1579; x_wconf 87' lang='lat' dir='ltr'>omnia</span> <span class='ocrx_word' id='word_1_134' title='bbox 525 1531 826 1595; x_wconf 83' lang='lat' dir='ltr'>impleverat3</span> <span class='ocrx_word' id='word_1_135' title='bbox 861 1535 1021 1597; x_wconf 89' lang='lat' dir='ltr'>raptim</span> <span class='ocrx_word' id='word_1_136' title='bbox 1041 1571 1055 1594; x_wconf 85' lang='lat'><strong>‚</strong></span> <span class='ocrx_word' id='word_1_137' title='bbox 1085 1536 1248 1599; x_wconf 89' lang='lat' dir='ltr'>quibus</span> <span class='ocrx_word' id='word_1_138' title='bbox 1280 1535 1468 1600; x_wconf 89' lang='lat' dir='ltr'>quisque</span> 
     </span>
     <span class='ocr_line' id='line_1_20' title="bbox 176 1606 1466 1675; baseline 0.004 -23"><span class='ocrx_word' id='word_1_139' title='bbox 176 1618 358 1669; x_wconf 90' lang='lat' dir='ltr'>poterat</span> <span class='ocrx_word' id='word_1_140' title='bbox 376 1641 389 1664; x_wconf 86' lang='lat'>‚</span> <span class='ocrx_word' id='word_1_141' title='bbox 408 1606 533 1653; x_wconf 84' lang='lat' dir='ltr'>elatis</span> <span class='ocrx_word' id='word_1_142' title='bbox 554 1642 567 1665; x_wconf 84' lang='lat'>‚</span> <span class='ocrx_word' id='word_1_143' title='bbox 594 1624 697 1654; x_wconf 91' lang='lat' dir='ltr'>cum</span> <span class='ocrx_word' id='word_1_144' title='bbox 727 1607 864 1655; x_wconf 88' lang='lat' dir='ltr'>larem</span> <span class='ocrx_word' id='word_1_145' title='bbox 880 1646 893 1669; x_wconf 85' lang='lat'>‚</span> <span class='ocrx_word' id='word_1_146' title='bbox 914 1627 965 1657; x_wconf 90' lang='lat' dir='ltr'>ac</span> <span class='ocrx_word' id='word_1_147' title='bbox 997 1624 1204 1674; x_wconf 86' lang='lat' dir='ltr'>penates,</span> <span class='ocrx_word' id='word_1_148' title='bbox 1233 1612 1436 1675; x_wconf 57' lang='lat' dir='ltr'>teilaque</span> <span class='ocrx_word' id='word_1_149' title='bbox 1450 1646 1466 1669; x_wconf 94' lang='lat'>,</span> 
     </span>
     <span class='ocr_line' id='line_1_21' title="bbox 177 1678 1468 1747; baseline 0.003 -22"><span class='ocrx_word' id='word_1_150' title='bbox 177 1679 226 1726; x_wconf 88' lang='lat' dir='ltr'>in</span> <span class='ocrx_word' id='word_1_151' title='bbox 255 1678 419 1742; x_wconf 87' lang='lat' dir='ltr'>quibus</span> <span class='ocrx_word' id='word_1_152' title='bbox 452 1690 578 1726; x_wconf 87' lang='lat' dir='ltr'>natus</span> <span class='ocrx_word' id='word_1_153' title='bbox 611 1679 800 1744; x_wconf 88' lang='lat' dir='ltr'>quisque</span> <span class='ocrx_word' id='word_1_154' title='bbox 827 1683 1126 1747; x_wconf 87' lang='lat' dir='ltr'>educatusque</span> <span class='ocrx_word' id='word_1_155' title='bbox 1159 1685 1294 1744; x_wconf 70' lang='lat' dir='ltr'>estet,</span> <span class='ocrx_word' id='word_1_156' title='bbox 1326 1683 1468 1731; x_wconf 89' lang='lat' dir='ltr'>relin-</span> 
     </span>
     <span class='ocr_line' id='line_1_22' title="bbox 175 1752 1466 1822; baseline 0.002 -21"><span class='ocrx_word' id='word_1_157' title='bbox 175 1765 364 1818; x_wconf 87' lang='lat' dir='ltr'>quentes</span> <span class='ocrx_word' id='word_1_158' title='bbox 384 1752 587 1812; x_wconf 82' lang='lat' dir='ltr'>exirent,</span> <span class='ocrx_word' id='word_1_159' title='bbox 615 1753 702 1818; x_wconf 77' lang='lat' dir='ltr'>jam</span> <span class='ocrx_word' id='word_1_160' title='bbox 726 1755 966 1803; x_wconf 86' lang='lat' dir='ltr'>continens</span> <span class='ocrx_word' id='word_1_161' title='bbox 988 1775 1146 1821; x_wconf 87' lang='lat' dir='ltr'>agmen</span> <span class='ocrx_word' id='word_1_162' title='bbox 1174 1758 1466 1822; x_wconf 86' lang='lat' dir='ltr'>migrantium</span> 
     </span>
     <span class='ocr_line' id='line_1_23' title="bbox 175 1828 1463 1894; baseline 0.005 -19"><span class='ocrx_word' id='word_1_163' title='bbox 175 1829 444 1892; x_wconf 84' lang='lat' dir='ltr'>impleverat</span> <span class='ocrx_word' id='word_1_164' title='bbox 470 1828 593 1875; x_wconf 87' lang='lat' dir='ltr'>vias:</span> <span class='ocrx_word' id='word_1_165' title='bbox 621 1831 670 1876; x_wconf 87' lang='lat'>&amp;</span> <span class='ocrx_word' id='word_1_166' title='bbox 691 1830 951 1894; x_wconf 58' lang='lat' dir='ltr'>conspedlus</span> <span class='ocrx_word' id='word_1_167' title='bbox 980 1833 1175 1879; x_wconf 84' lang='lat' dir='ltr'>aliorum</span> <span class='ocrx_word' id='word_1_168' title='bbox 1202 1846 1357 1881; x_wconf 92' lang='lat' dir='ltr'>mutua</span> <span class='ocrx_word' id='word_1_169' title='bbox 1379 1833 1463 1880; x_wconf 89' lang='lat' dir='ltr'>mi-</span> 
     </span>
     <span class='ocr_line' id='line_1_24' title="bbox 176 1900 1462 1971; baseline 0.006 -24"><span class='ocrx_word' id='word_1_170' title='bbox 176 1901 396 1949; x_wconf 81' lang='lat' dir='ltr'>seratione</span> <span class='ocrx_word' id='word_1_171' title='bbox 423 1900 673 1965; x_wconf 77' lang='lat' dir='ltr'>integrabat</span> <span class='ocrx_word' id='word_1_172' title='bbox 693 1903 925 1952; x_wconf 86' lang='lat' dir='ltr'>lacrimas:</span> <span class='ocrx_word' id='word_1_173' title='bbox 956 1906 1182 1971; x_wconf 88' lang='lat' dir='ltr'>vocesque</span> <span class='ocrx_word' id='word_1_174' title='bbox 1211 1909 1344 1955; x_wconf 89' lang='lat' dir='ltr'>etiam</span> <span class='ocrx_word' id='word_1_175' title='bbox 1373 1909 1462 1955; x_wconf 87' lang='lat' dir='ltr'>mi-</span> 
     </span>
     <span class='ocr_line' id='line_1_25' title="bbox 174 1974 1462 2044; baseline 0.006 -24"><span class='ocrx_word' id='word_1_176' title='bbox 174 1974 379 2021; x_wconf 82' lang='lat' dir='ltr'>serabiles</span> <span class='ocrx_word' id='word_1_177' title='bbox 406 1974 784 2040; x_wconf 80' lang='lat' dir='ltr'>exaudiebantur3</span> <span class='ocrx_word' id='word_1_178' title='bbox 812 1977 1051 2025; x_wconf 87' lang='lat' dir='ltr'>mulierum</span> <span class='ocrx_word' id='word_1_179' title='bbox 1071 1980 1327 2044; x_wconf 82' lang='lat' dir='ltr'>praecipue,</span> <span class='ocrx_word' id='word_1_180' title='bbox 1355 1997 1462 2028; x_wconf 89' lang='lat' dir='ltr'>curn</span> 
     </span>
     <span class='ocr_line' id='line_1_26' title="bbox 174 2045 1460 2115; baseline 0.007 -23"><span class='ocrx_word' id='word_1_181' title='bbox 174 2045 344 2092; x_wconf 74' lang='lat' dir='ltr'>obsessa</span> <span class='ocrx_word' id='word_1_182' title='bbox 371 2046 425 2092; x_wconf 90' lang='lat' dir='ltr'>ab</span> <span class='ocrx_word' id='word_1_183' title='bbox 457 2046 636 2093; x_wconf 87' lang='lat' dir='ltr'>armatis</span> <span class='ocrx_word' id='word_1_184' title='bbox 669 2048 835 2111; x_wconf 88' lang='lat' dir='ltr'>templa</span> <span class='ocrx_word' id='word_1_185' title='bbox 868 2051 1044 2114; x_wconf 88' lang='lat' dir='ltr'>augusta</span> <span class='ocrx_word' id='word_1_186' title='bbox 1071 2052 1355 2115; x_wconf 85' lang='lat' dir='ltr'>praeterirent</span> <span class='ocrx_word' id='word_1_187' title='bbox 1372 2088 1387 2112; x_wconf 83' lang='lat'>,</span> <span class='ocrx_word' id='word_1_188' title='bbox 1406 2068 1460 2100; x_wconf 84' lang='lat' dir='ltr'>ae</span> 
     </span>
     <span class='ocr_line' id='line_1_27' title="bbox 171 2119 1458 2190; baseline 0.008 -24"><span class='ocrx_word' id='word_1_189' title='bbox 171 2119 300 2166; x_wconf 87' lang='lat' dir='ltr'>velut</span> <span class='ocrx_word' id='word_1_190' title='bbox 321 2132 477 2182; x_wconf 85' lang='lat' dir='ltr'>captos</span> <span class='ocrx_word' id='word_1_191' title='bbox 498 2120 804 2185; x_wconf 87' lang='lat' dir='ltr'>relinquerent</span> <span class='ocrx_word' id='word_1_192' title='bbox 823 2124 967 2172; x_wconf 89' lang='lat' dir='ltr'>Deos.</span> <span class='ocrx_word' id='word_1_193' title='bbox 989 2127 1175 2190; x_wconf 83' lang='lat' dir='ltr'>Egreffis</span> <span class='ocrx_word' id='word_1_194' title='bbox 1199 2128 1359 2174; x_wconf 89' lang='lat' dir='ltr'>urbem</span> <span class='ocrx_word' id='word_1_195' title='bbox 1374 2130 1458 2176; x_wconf 79' lang='lat' dir='ltr'>Al-</span> 
     </span>
     <span class='ocr_line' id='line_1_28' title="bbox 168 2192 1457 2263; baseline 0.008 -23"><span class='ocrx_word' id='word_1_196' title='bbox 168 2192 323 2251; x_wconf 84' lang='lat' dir='ltr'>banis,</span> <span class='ocrx_word' id='word_1_197' title='bbox 350 2193 584 2240; x_wconf 78' lang='lat' dir='ltr'>Romanus</span> <span class='ocrx_word' id='word_1_198' title='bbox 617 2196 770 2257; x_wconf 89' lang='lat' dir='ltr'>paffim</span> <span class='ocrx_word' id='word_1_199' title='bbox 797 2197 976 2259; x_wconf 88' lang='lat' dir='ltr'>publica</span> <span class='ocrx_word' id='word_1_200' title='bbox 1005 2200 1272 2263; x_wconf 87' lang='lat' dir='ltr'>privataque</span> <span class='ocrx_word' id='word_1_201' title='bbox 1300 2203 1457 2250; x_wconf 86' lang='lat' dir='ltr'>omnia</span> 
     </span>
     <span class='ocr_line' id='line_1_29' title="bbox 171 2265 1457 2337; baseline 0.008 -25"><span class='ocrx_word' id='word_1_202' title='bbox 171 2267 284 2312; x_wconf 60' lang='lat' dir='ltr'>tekla</span> <span class='ocrx_word' id='word_1_203' title='bbox 321 2265 524 2329; x_wconf 82' lang='lat' dir='ltr'>adaequat</span> <span class='ocrx_word' id='word_1_204' title='bbox 560 2266 658 2313; x_wconf 93' lang='lat' dir='ltr'>solo</span> <span class='ocrx_word' id='word_1_205' title='bbox 682 2304 697 2326; x_wconf 89' lang='lat'>‚</span> <span class='ocrx_word' id='word_1_206' title='bbox 734 2285 914 2331; x_wconf 89' lang='lat' dir='ltr'>unaque</span> <span class='ocrx_word' id='word_1_207' title='bbox 949 2270 1061 2316; x_wconf 85' lang='lat' dir='ltr'>hora</span> <span class='ocrx_word' id='word_1_208' title='bbox 1096 2272 1457 2337; x_wconf 87' lang='lat' dir='ltr'>quadringento-</span> 
     </span>
     <span class='ocr_line' id='line_1_30' title="bbox 171 2340 1454 2406; baseline 0.009 -23"><span class='ocrx_word' id='word_1_209' title='bbox 171 2355 268 2383; x_wconf 87' lang='lat' dir='ltr'>rum</span> <span class='ocrx_word' id='word_1_210' title='bbox 306 2354 527 2384; x_wconf 90' lang='lat' dir='ltr'>annorum</span> <span class='ocrx_word' id='word_1_211' title='bbox 560 2355 707 2402; x_wconf 80' lang='lat' dir='ltr'>opus,</span> <span class='ocrx_word' id='word_1_212' title='bbox 737 2340 900 2404; x_wconf 81' lang='lat' dir='ltr'>quibus</span> <span class='ocrx_word' id='word_1_213' title='bbox 933 2341 1046 2388; x_wconf 87' lang='lat' dir='ltr'>Alba</span> <span class='ocrx_word' id='word_1_214' title='bbox 1080 2343 1257 2392; x_wconf 86' lang='lat' dir='ltr'>steterat</span> <span class='ocrx_word' id='word_1_215' title='bbox 1277 2383 1291 2406; x_wconf 90' lang='lat'><strong><em>‚</em></strong></span> <span class='ocrx_word' id='word_1_216' title='bbox 1325 2348 1454 2395; x_wconf 88' lang='lat' dir='ltr'>exci-</span> 
     </span>
     <span class='ocr_line' id='line_1_31' title="bbox 170 2411 1452 2484; baseline 0.01 -27"><span class='ocrx_word' id='word_1_217' title='bbox 170 2412 249 2458; x_wconf 85' lang='lat' dir='ltr'>dio</span> <span class='ocrx_word' id='word_1_218' title='bbox 269 2428 320 2458; x_wconf 86' lang='lat' dir='ltr'>ac</span> <span class='ocrx_word' id='word_1_219' title='bbox 337 2411 479 2457; x_wconf 88' lang='lat' dir='ltr'>ruinis</span> <span class='ocrx_word' id='word_1_220' title='bbox 503 2411 638 2459; x_wconf 88' lang='lat' dir='ltr'>dedit.</span> <span class='ocrx_word' id='word_1_221' title='bbox 662 2413 865 2477; x_wconf 86' lang='lat' dir='ltr'>Templis</span> <span class='ocrx_word' id='word_1_222' title='bbox 883 2426 1029 2461; x_wconf 88' lang='lat' dir='ltr'>tamen</span> <span class='ocrx_word' id='word_1_223' title='bbox 1048 2417 1203 2481; x_wconf 55' lang='lat' dir='ltr'>Derim</span> <span class='ocrx_word' id='word_1_224' title='bbox 1229 2418 1314 2484; x_wconf 87' lang='lat' dir='ltr'>(ita</span> <span class='ocrx_word' id='word_1_225' title='bbox 1331 2421 1452 2470; x_wconf 81' lang='lat' dir='ltr'>enim</span> 
     </span>
     <span class='ocr_line' id='line_1_32' title="bbox 170 2481 1198 2549; baseline 0.009 -20"><span class='ocrx_word' id='word_1_226' title='bbox 170 2482 362 2531; x_wconf 55' lang='lat' dir='ltr'>edietum</span> <span class='ocrx_word' id='word_1_227' title='bbox 383 2481 438 2530; x_wconf 87' lang='lat' dir='ltr'>ab</span> <span class='ocrx_word' id='word_1_228' title='bbox 459 2498 563 2548; x_wconf 87' lang='lat' dir='ltr'>rege</span> <span class='ocrx_word' id='word_1_229' title='bbox 589 2481 762 2548; x_wconf 86' lang='lat' dir='ltr'>fuerat)</span> <span class='ocrx_word' id='word_1_230' title='bbox 795 2498 1094 2549; x_wconf 84' lang='lat' dir='ltr'>temperatum</span> <span class='ocrx_word' id='word_1_231' title='bbox 1121 2488 1198 2538; x_wconf 88' lang='lat' dir='ltr'>est.</span> 
     </span>
    </p>
   </div>
  </div>
 </body>
</html>
