1582 2793
238 130 846 182 HISTORIARUM
895 130 1026 179 LIB.
1066 134 1162 181 111.
1265 137 1360 197 209'

63 242 255 290 miniosa
278 243 380 306 fuga
404 241 591 287 domum
614 237 654 285 se
674 237 944 300 recipientes
963 276 975 297 ,
997 241 1229 289 Romanus
1250 258 1359 289 con·

65 316 130 362 sul
163 317 208 362 in
245 316 408 379 Algido
441 313 742 370 consectum,
772 312 826 359 ad
860 329 998 358 unum
1034 331 1192 362 omnes
1227 317 1358 363 occi-

65 390 147 437 dit.
176 391 334 437 Vieror
352 389 407 435 acl
424 388 652 436 Columen
672 387 752 448 (id
772 387 882 433 loco
909 402 1078 432 nomen
1101 388 1196 451 est)
1225 405 1358 436 exer-

66 463 159 509 citu
182 463 336 508 relicto
361 461 496 507 castra
527 461 664 507 locat.
697 462 751 506 Et
778 459 886 505 alter
907 458 1064 505 consul
1087 494 1099 516 ,
1118 462 1360 524 postquam

65 535 296 581 moenibus
332 534 419 596 jam
457 533 672 580 Romanis
694 569 707 591 ,
746 531 874 595 pulso
911 531 1071 589 hoste,
1105 526 1356 594 periculum

63 608 150 654 effe
177 607 389 665 desierat,
422 609 471 655 &
499 607 589 670 ipse
618 607 675 653 ab
696 608 843 652 Roma
870 604 1108 669 profectus.
1149 608 1209 653 lta
1242 606 1360 653 bifa-

65 681 177 727 riam
209 681 412 728 consules
442 680 614 743 ingreffi
647 679 840 725 hostium
873 677 1014 736 fines,
1050 679 1224 742 ingenti
1257 696 1358 726 cer-

65 756 232 802 tamine
251 755 357 801 hinc
378 753 569 801 Volscos
586 790 600 811 ,
621 754 727 800 hinc
748 755 922 816 AEquos
939 751 1228 814 populantur.
1265 754 1360 799 Eo-

67 829 168 874 dem
199 845 319 876 anno
353 826 527 874 descisse
559 825 792 883 Antiates,
828 825 945 886 apud
978 824 1216 887 plerosque
1247 841 1358 872 auc-

68 916 191 949 tores
223 902 428 949 invcnio.
465 903 514 947 L.
542 900 810 947 Cornelium
846 897 1077 944 consulem
1111 899 1156 944 id
1192 898 1361 947 bellum

69 974 235 1037 geffiss'e
258 1011 270 1030 ,
308 974 618 1036 oppidumque
657 970 850 1033 cepisse,
891 983 1062 1017 certum
1105 970 1362 1032 affirmare,

67 1047 172 1109 quia
193 1047 312 1092 nulla
341 1045 460 1108 apud
480 1042 749 1091 vetustiores
771 1042 1014 1106 scriptores·
1031 1041 1127 1103 ejus
1146 1042 1210 1088 rei
1233 1060 1361 1089 rnen-

71 1120 138 1166 tio
158 1120 243 1176 est,
272 1137 366 1166 non
394 1118 543 1166 aufim.
587 1140 597 1145 ·>

139 1195 316 1242 XXIV.
353 1195 455 1241 Hoc
487 1191 609 1240 bello
639 1188 873 1255 perfeclo,
907 1187 1201 1238 tribunicium
1235 1191 1363 1239 domi

70 1268 239 1315 bellum
267 1270 415 1315 Patres
447 1267 635 1314 territat.
660 1265 898 1322 Clamant,
918 1265 1074 1323 fraude
1087 1267 1186 1324 fieri
1205 1301 1218 1323 ,
1251 1266 1375 1327 quod*

61 1343 178 1402 soris
210 1359 393 1390 teneatur
425 1345 626 1390 exercitus
645 1360 660 1387 .·
681 1341 995 1407 frustrationem
1027 1359 1115 1386 eam
1149 1344 1251 1402 legis
1274 1345 1364 1386 tol·

75 1419 203 1461 lcndae
239 1413 322 1480 ff.
357 1416 408 1477 fi
436 1416 716 1461 nihilominus
747 1431 826 1458 rem
843 1414 1083 1474 flgfceptam
1111 1413 1364 1473 peraffurm.

75 1488 290 1536 Obtinuit
324 1501 470 1535 tamen
510 1489 551 1533 P.
585 1486 819 1533 Lucretius
855 1484 1086 1547 praefectus
1121 1483 1245 1530 urbis
1267 1519 1281 1541 ‚
1314 1496 1365 1531 ut

74 1562 272 1609 afflones
301 1561 557 1609 tribuniciae
587 1561 634 1606 in
669 1560 913 1606 adventum
945 1558 1178 1605 consulum
1211 1557 1366 1605 differ·

75 1649 245 1683 rentur.
288 1638 392 1682 Erat
420 1638 469 1683 &
498 1652 623 1682 nova
644 1646 803 1681 exorta
824 1632 952 1680 causa
973 1645 1138 1679 motus.
1173 1633 1226 1678 A.
1245 1632 1370 1678 Cor-

78 1709 220 1755 nelius
253 1710 301 1756 ὃς
320 1711 380 1769 Q.
400 1709 616 1755 Servilius
648 1707 893 1771 quaestores
913 1707 976 1752 M.
998 1705 1185 1752 Volscio
1203 1741 1217 1763 ,
1240 1704 1368 1767 quod

76 1782 210 1828 falsus
225 1782 343 1829 haud
361 1782 496 1829 dubie
518 1782 637 1830 testis
655 1782 700 1828 in
715 1780 950 1828 Caesonem
973 1778 1224 1835 exstitisset,
1248 1778 1370 1825 diem

77 1858 298 1904 dixerant.
325 1856 476 1903 multis
497 1856 616 1903 enim
634 1855 870 1902 emanabat
889 1851 1092 1910 indiciis,
1117 1867 1262 1914 neque
1282 1850 1372 1897 fra-

77 1942 191 1975 trem
222 1928 421 1986 Volscii‚
455 1946 511 1974 ex
543 1945 637 1992 quo
662 1926 796 1973 semel
826 1924 960 1971 fuerit
987 1939 1129 1986 aeger,
1167 1938 1367 1985 unquam

80 2019 175 2050 non
211 2003 354 2049 modo
390 2002 536 2049 visum
570 2003 616 2048 in
650 1999 864 2065 publico,
898 1997 971 2044 sed
1004 2013 1060 2043 ne
1095 1994 1372 2042 assurrexisse

79 2075 262 2138 quidem
305 2091 361 2120 ex
395 2075 560 2120 morbo
583 2109 597 2132 ‚
633 2072 974 2134 multorumque
1017 2068 1118 2114 tabe
1149 2066 1372 2114 mensium

81 2160 343 2195 mortuum:
381 2164 464 2193 nec
496 2146 562 2193 his
592 2144 871 2207 temporibus
892 2177 906 2199 ,
938 2142 986 2187 in
1017 2156 1117 2204 quae
1137 2139 1258 2186 testis
1286 2139 1377 2186 cri·

84 2238 188 2270 men
227 2220 520 2282 conjecisset,
560 2219 795 2267 Caesonem
836 2217 997 2262 Romae
1031 2213 1209 2261 visum:
1251 2213 1376 2259 affir-

87 2295 341 2352 mantibus,
362 2295 438 2358 qui
458 2311 546 2340 una
576 2303 859 2349 meruerant,
879 2289 1024 2336 secum
1048 2304 1151 2334 eum
1175 2301 1269 2333 tum
1293 2285 1379 2332 fre·

89 2382 300 2432 quentem
335 2369 387 2415 ad
430 2368 547 2432 signa
584 2368 674 2414 fine
706 2367 804 2413 ullo
851 2374 1106 2410 commeatu
1144 2358 1282 2407 fuiss'e.
1333 2357 1381 2404 ni

90 2443 148 2489 ita
181 2441 315 2499 effer,
338 2439 466 2486 multi
492 2441 706 2504 privatim
730 2436 931 2486 ferebant
964 2432 1149 2480 Volscio
1184 2431 1372 2493 judices.

151 2517 199 2562 T.
224 2519 320 2562 ων.
341 2518 440 2563 Vol.
461 2518 500 2562 l.
788 2567 789 2570 Ἴ
1044 2506 1090 2550 O
1295 2516 1297 2518 ·
