1680 2803
564 131 867 173 VITA.
1319 148 1369 180 Lt

139 234 371 299 Philippus
390 235 653 282 Cominaeus
673 235 880 297 putavit,
899 239 1064 283 Livium
1083 273 1096 296 ,
1118 244 1365 288 Latinorum

75 320 330 379 Polybium,
363 320 554 364 omnibus
574 319 843 378 firmioribus
871 336 922 363 ac
942 323 1280 380 gubernatoribus
1310 346 1369 371 re-

74 421 162 446 rum
186 405 451 463 publicarum
478 404 785 463 perlegendum.

158 514 328 561 Isaacus
357 513 652 560 Casaubonus
687 513 743 560 ad
774 512 965 562 eundem
997 517 1224 566 transtulit
1259 521 1371 569 illud

72 599 254 645 Senecae
280 597 492 643 Rhetoris
511 597 565 643 de
583 598 834 643 Oratorum
857 597 1061 661 principe
1083 603 1372 652 encomium:

70 685 281 743 Populum
302 681 546 726 Romanum
566 679 695 736 lzujus
713 683 841 725 unius
861 684 1072 743 ingenium
1091 704 1179 746 par
1197 690 1371 747 imperio

59 767 144 827 fito
184 762 383 828 habuzffi.

141 870 370 936 Georgius
401 868 668 929 Corvinus,
697 870 748 917 δε
783 868 1091 933 Sigismundus
1123 871 1368 920 Feirabena

72 969 144 1004 tus
159 992 172 1015 ‚
187 953 455 1017 bibliopolae
474 952 865 1000 Francofurtenses
880 989 893 1011 ‚
910 953 956 1000 in
974 952 1240 1017 praefatione
1259 973 1368 1020 ope-

68 1058 168 1087 rum
203 1038 298 1102 ejus
312 1075 327 1097 ‚
358 1054 383 1083 3
410 1036 451 1084 se
483 1036 708 1083 editorum
746 1054 816 1084 an.
859 1050 1130 1086 clomLxlv
1145 1074 1160 1097 ‚
1196 1042 1369 1087 Livium

69 1124 374 1192 Hssoricorum
394 1125 574 1168 aliorum
596 1124 782 1167 omnium
800 1124 1036 1181 Principem
1047 1156 1060 1180 ,
1076 1119 1120 1167 δ’
1136 1141 1268 1169 rerum
1286 1127 1368 1170 Ro·

70 1205 289 1253 manarum
321 1209 513 1252 divinum
533 1209 825 1266 explicatorem
845 1214 1033 1251 Vocant.

138 1310 277 1356 Iidem
295 1307 343 1355 in
361 1308 446 1355 alia
464 1306 809 1369 Nuncupatoria
830 1305 1045 1354 editionis
1064 1306 1244 1355 alterius
1265 1309 1312 1355 in
1334 1309 1363 1357 8

68 1394 127 1439 ita
155 1392 209 1438 de
229 1391 311 1437 illo
336 1390 536 1438 scribunt
556 1406 566 1434 ε
594 1393 709 1436 Nam
726 1426 739 1447 ,
755 1393 868 1451 quod
883 1394 944 1436 ad
957 1390 1160 1437 auilorem
1184 1396 1334 1439 attinet
1347 1428 1363 1451 ‚

67 1480 166 1523 talis
189 1476 241 1541 est
253 1511 268 1532 ,
288 1490 337 1520 ut
353 1476 477 1521 vivus
495 1474 621 1519 lafleo
645 1476 876 1534 eloquentiae
896 1473 1021 1532 fonte
1047 1477 1206 1520 nobiles
1221 1511 1235 1532 ‚
1260 1492 1364 1536 quos

0 1554 6 1558 ¹
70 1563 210 1605 Roma
236 1561 296 1603 ad
306 1558 385 1618 sui
408 1559 793 1618 contemplationem
812 1559 968 1603 trahere
987 1575 1073 1602 non
1091 1561 1261 1617 potuit,
1281 1578 1361 1604 no·

68 1645 196 1689 minis
211 1642 287 1701 fiii
304 1640 434 1699 fama
453 1640 537 1698 (ut
554 1641 844 1699 Hieronymus
865 1642 927 1684 ad
942 1641 1173 1684 Paulinum
1204 1640 1362 1703 refhrt)

66 1729 115 1771 de
139 1727 300 1771 ultimis
319 1724 543 1784 Hispaniae
563 1723 878 1782 Galliarumque
895 1723 1061 1781 finibus
1080 1727 1360 1782 pertraxerit,

67 1807 110 1855 δ’
142 1810 319 1854 moriens
356 1807 406 1852 ob
439 1823 599 1863 eorum,
634 1823 718 1865 quae
750 1805 967 1864 desiribit,
999 1807 1330 1866 magnitudinem
1345 1817 1366 1864 ,'

67 1894 329 1947 varietatem,
345 1891 630 1956 praestantiam
645 1923 660 1946 ‚
689 1888 912 1933 utilitatem
943 1905 993 1932 ac
1019 1886 1328 1942 jucunditatem
1343 1924 1360 1947 ,

68 1977 222 2035 dignus
251 1972 315 2036 fit
347 1973 514 2017 habitus
534 2006 549 2027 ,
580 1972 649 2031 qui
679 1972 740 2014 ad
769 1971 974 2014 Romana:
1005 1970 1177 2035 lzistoriae
1213 1974 1358 2033 cogni-

63 2060 216 2105 tionem
232 2089 246 2112 ,
258 2056 605 2115 prudentiamque
632 2053 792 2098 civilem
816 2069 907 2097 cum
933 2053 1161 2113 eloquentia
1184 2072 1358 2115 compa-

63 2142 241 2186 randam
261 2171 274 2195 ‚
292 2155 377 2198 prae
406 2139 542 2183 ceteri3
563 2139 608 2182 in
635 2135 831 2181 manibus
862 2137 1048 2180 omnium
1078 2151 1288 2183 teneretur.

128 2247 358 2312 Philippus
386 2247 630 2295 Beroaldus
660 2247 707 2294 in
737 2247 948 2295 oratione
977 2247 1128 2295 habita
1149 2249 1197 2295 in
1227 2265 1355 2296 enar·

64 2329 241 2376 ratione
260 2329 456 2392 ejusdem
469 2367 484 2391 ‚
504 2348 556 2378 ac
575 2330 670 2376 Silii
688 2329 859 2389 Italici,
879 2342 1041 2393 praeter
1061 2348 1109 2378 ea
1122 2368 1136 2391 ‚
1158 2349 1260 2395 quae
1281 2331 1355 2378 su-

64 2429 142 2478 pra
172 2412 473 2477 produximus
500 2431 558 2462 ex
586 2414 778 2476 eodem,
800 2413 898 2462 haec
919 2413 1004 2461 alia
1028 2414 1238 2463 adducit:
1265 2415 1354 2459 Eo-

1013 2496 1044 2543 d
1066 2512 1091 2541 2
1158 2502 1163 2506 ’
