1582 2793
165 199 227 241 42
343 248 345 250 ³
520 181 1081 230 TITILIVII

167 294 243 336 illa
256 293 354 351 pila
381 288 575 352 &spolia
599 295 803 360 hostium·
783 330 799 349 ‚
834 297 901 339 vel
924 310 1042 339 extrz
1060 294 1336 354 ‘pomoerium‚
1358 313 1450 342 mo-

165 367 219 409 do
245 366 355 409 intra
369 365 419 426 s
401 370 563 426 pulcra
591 370 884 414 Curiatiorum.
923 369 1024 429 Quo
1052 387 1159 413 emm
1185 370 1391 414 ducere&
1359 389 1424 397 ·····

154 438 352 495 juvenem
369 441 565 506 potestis,
588 443 659 486 ubi
689 459 774 485 non
792 441 878 500 sua
898 444 1042 487 decora
1065 460 1155 486 eum
1180 460 1207 486 a
1235 441 1447 500 tantasbs-

165 513 293 557 ditate
303 512 508 573 sicpplicii
526 514 775 559 vindicent?
803 512 845 557 N
850 527 914 556 on
937 511 1041 558 tulit
1059 512 1253 574 populus
1272 529 1355 559 nec
1372 529 1448 575 pa-

165 582 244 629 tris
274 582 508 642 lacrimas,
543 601 628 630 nec
656 584 788 646 ipfius
819 600 971 647 parem
1003 583 1051 629 in
1085 585 1213 631 omni
1241 585 1447 668 periculo

166 656 395 705 animum:
429 659 812 722 absolveruntque
843 658 1143 706 admiratione
1177 660 1317 724 magis
1348 660 1447 706 vir-

163 729 303 789 tutis,
344 748 480 795 quam
511 733 607 795 jure
640 733 795 782 causae.
831 736 1011 797 Ιῐᾶςμηε
1043 746 1093 780 ut
1126 733 1266 781 caedes
1299 734 1448 782 mani-

162 802 270 850 festa
289 804 442 868 aliquo
465 820 612 856 tamen
641 807 820 871 piaculo
843 808 1040 854 lueretur
1055 844 1069 865 ‚
1090 807 1355 870 imperatum
1375 824 1448 870 pa·

163 874 253 933 tri,
288 888 337 922 ut
374 875 516 925 filium
551 881 751 943 expiaret
782 881 973 944 pecunia
1009 881 1201 943 publica.
1239 884 1309 940 Is,
1343 881 1448 945 qui-

162 946 345 994 busdam
375 950 675 1012 piacularibus
707 951 929 1000 sacrificiis
967 953 1121 1011 faffis,
1154 970 1254 1017 quae
1287 953 1448 1000 deinde

160 1020 285 1082 genti
306 1022 508 1071 Horatiae
535 1027 695 1078 tradita
726 1025 826 1072 sunt
841 1062 855 1084 ,
882 1026 1130 1073 transmisso
1154 1043 1234 1089 per
1253 1025 1375 1073 viam
1394 1025 1449 1074 ti-

162 1091 274 1155 gillo
293 1129 308 1151 ‚
341 1096 486 1161 capite
516 1099 737 1161 adoperto
753 1134 766 1156 ‚
801 1098 928 1145 velut
953 1097 1031 1145 sub
1056 1098 1210 1162 jugum
1231 1092 1348 1144 tnifit
1374 1097 1447 1159 ju-

161 1182 341 1216 venem.
375 1171 423 1215 Id
453 1170 590 1218 hodie
613 1187 797 1235 quoque
823 1170 1003 1234 publice
1033 1171 1204 1234 semper
1230 1170 1447 1218 refectum

162 1253 326 1289 manet.
362 1244 600 1291 Sororium
629 1245 820 1308 tigillum
849 1256 1031 1293 vocant.
1064 1244 1268 1291 Horatiae
1299 1243 1449 1308 sepul-

160 1328 289 1359 crum
308 1349 323 1372 ‚
354 1331 448 1378 quo
482 1316 592 1364 loco
625 1329 858 1365 corruerat
888 1316 973 1364 icta
989 1353 1006 1376 ,
1047 1316 1353 1392 constructum
1386 1316 1449 1364 est

156 1382 269 1432 saxo
299 1389 540 1450 quadrato.

226 1462 419 1510 XXVII
447 1465 543 1511 Nec
562 1464 637 1511 diu
656 1482 743 1528 pax
762 1464 934 1512 Albana
951 1464 1124 1513 manfit.
1153 1463 1326 1525 invidia
1346 1463 1446 1511 vul-

160 1529 231 1595 gi,
258 1535 385 1596 quod
408 1535 548 1582 tribus
578 1536 791 1584 militibus
813 1537 996 1584 fortuna
1024 1537 1205 1600 publica
1235 1535 1448 1584 commis-

161 1604 206 1651 sa
237 1606 407 1665 fuerit,
453 1626 625 1657 vanum
673 1610 902 1674 ingenium
936 1610 1166 1658 dictatoris
1209 1611 1446 1672 corrupit;

162 1680 242 1739 &,
275 1682 493 1744 quoniam
523 1685 637 1731 recta
667 1685 852 1731 confilia
885 1685 1003 1731 haud
1029 1685 1144 1731 bene
1172 1696 1446 1742 evenerant,

162 1754 314 1816 pravis
338 1757 634 1805 reconciliare
664 1758 950 1822 popularium
970 1758 1143 1805 animos
1164 1758 1320 1821 coepit.
1357 1758 1447 1822 lgi-

162 1840 268 1886 tur,
295 1839 343 1873 ut
367 1828 489 1891 prius
518 1829 564 1875 in
595 1830 717 1876 bello
749 1847 905 1893 pacem
923 1866 936 1887 ‚
970 1830 1028 1877 fic
1065 1829 1111 1875 in
1141 1847 1251 1892 pace
1280 1829 1449 1875 bellum

161 1917 367 1963 quaerens
384 1938 398 1961 ,
430 1903 534 1966 quia
563 1903 649 1950 suae
673 1904 846 1953 civitati
874 1904 1127 1950 animorum
1157 1904 1258 1966 plus
1277 1939 1290 1961 ‚
1313 1920 1448 1967 quam

163 1974 364 2034 virium,
390 1978 601 2024 cernebat
638 1978 748 2036 effe,
779 1978 834 2025 ad
866 1978 1032 2024 bellum
1063 1978 1208 2041 palam
1231 1990 1367 2041 atque
1391 1995 1448 2025 ex

162 2047 310 2095 edicto
338 2052 583 2112 gerendum
615 2052 727 2100 alios
759 2052 959 2100 concitat
988 2052 1220 2115 populos:
1251 2051 1335 2099 suis
1368 2069 1447 2115 per
1504 2052 1508 2056 ”

162 2119 354 2184 speciem
373 2123 596 2172 societatis
615 2126 922 2188 proditionem
943 2125 1155 2172 reservat.
1190 2125 1447 2183 Fidenates,

165 2194 352 2242 colonia
376 2198 579 2244 Romana
599 2235 612 2257 ‚
635 2197 899 2259 Veientibus
926 2198 1060 2245 sociis
1084 2196 1259 2245 confilii
1286 2197 1447 2244 assum-

164 2266 220 2314 tis
237 2303 252 2324 ,
280 2269 411 2331 paCto
430 2271 700 2317 transitionis
718 2272 999 2318 Albanorum
1014 2306 1026 2327 ‚
1053 2271 1107 2316 ad
1128 2269 1293 2316 bellum
1314 2285 1448 2332 atque

166 2356 286 2387 arma
325 2340 583 2389 incitantur.
627 2344 744 2389 Cum
781 2343 956 2388 Fidenae
994 2355 1143 2404 aperte
1184 2341 1446 2400 descissent,

139 2412 360 2473 .Tullus‚
396 2416 544 2462 Metto
576 2416 862 2478 exercituque
900 2415 993 2477 ejus
1029 2417 1082 2461 ab
1118 2416 1232 2461 Alba
1262 2415 1409 2462 accito
1431 2450 1445 2472 ‚

167 2498 326 2535 contra
354 2489 500 2538 hostes
520 2488 657 2539 ducit.
689 2489 778 2538 Ubi
795 2489 1015 2538 Anienem
1039 2490 1234 2549 transiit,
1260 2490 1315 2537 ad
1334 2505 1446 2538 con-
