1582 2793
176 163 310 203 'cvm
414 152 767 199 NOTITIA
827 153 1302 202 LITERARIA

341 260 373 299 ti
400 272 468 311 per
490 259 803 311 Carpentarium‚
832 261 899 311 qui
923 260 1104 312 Lugduni
1129 269 1251 301 artem
1277 269 1469 316 typograx*⁵

336 313 496 366 phicam
515 317 698 354 exercuit.
727 342 755 362 ,,

181 381 282 423 1513
341 371 560 422 Ascenfiana
581 369 639 417 ΙΙ,
661 382 750 408 cum
771 369 813 409 L.
840 368 945 408 Flori
968 371 1009 408 in
1034 382 1170 409 omnes
1192 368 1312 410 libros
1339 373 1468 422 epito-

339 436 404 462 me
422 425 621 473 recognita
644 425 679 463 Sc
702 430 833 462 annot.
855 423 912 462 M.
936 424 1024 463 Ant.
1049 424 1231 464 Sabellici
1256 425 1325 465 fol.
1349 426 1465 466 Titu·
1519 439 1526 446 ‘

336 477 397 517 lus
421 478 575 528 praefert
606 478 755 528 {ignum
798 477 859 526 Jo.
891 478 1028 526 Parvi,
1063 491 1179 528 quem
1208 479 1296 528 Jod.
1323 480 1468 518 Badius

338 532 536 577 Ascenfius
553 532 701 571 socium
719 531 787 570 fibi
806 530 1016 579 sumserat3
1042 544 1184 584 nempe
1207 533 1286 572 duo
1307 532 1464 581 leones,

330 585 486 625 scutum
516 587 599 626 lilio
625 589 659 626 δι
681 586 800 626 literis
822 586 857 634 J.
880 585 919 625 P.
947 584 1178 636 inscriptum
1212 587 1466 636 sustinentes,

334 641 488 690 adjeeh
506 640 637 680 subtus
657 641 815 680 nomine
832 642 914 689 ejus
930 640 1169 680 JEHANN
1182 642 1359 681 PETIT.
1385 640 1471 682 Sub

333 694 440 745 figno
468 695 645 745 leguntur
670 695 753 735 haec
776 695 918 734 verba.
910 707 919 717 ·
951 696 1209 734 Venundantur
1233 697 1278 734 ab
1302 697 1468 735 Iohanne

335 750 460 788 Parvo
499 750 535 787 δ’
554 751 685 790 Jodoco
712 750 834 789 Badio
871 750 1051 802 Ascensio.
1081 749 1127 789 In
1155 748 1230 788 hac
1263 749 1467 799 editione,

337 816 455 854 quam
478 804 595 843 etiam
620 804 852 844 Maittairius
878 803 919 842 in
945 802 1072 843 annal.
1098 802 1331 855 typograph.
1371 803 1469 844 omi-

338 857 420 897 fiffe
431 858 606 907 videtur,
620 860 868 897 continentur
887 853 1022 897 eadem
1039 859 1184 907 omnia,
1199 859 1336 909 quaein
1353 866 1469 898 antea

332 921 548 952 memorata
564 926 623 952 an.
642 912 766 952 MDX
781 912 1006 960 exstabant3
1024 913 1075 951 ita
1093 924 1247 961 tamen,
1268 920 1312 952 ut
1327 911 1467 952 Ascen-

335 967 378 1005 fii
404 968 445 1005 in
471 967 674 1007 Livianam
701 966 909 1006 lectionem
937 966 1096 1016 Isagoge
1130 968 1279 1006 auc⁶tior
1305 967 1469 1018 prodie-

339 1020 415 1068 rit,
453 1023 488 1060 ἃ
519 1021 672 1071 insuper
703 1021 868 1060 addatur
899 1020 1185 1060 vocabulorum
1212 1021 1467 1061 LIVianorum

341 1076 635 1126 compendiaria
659 1075 899 1125 explanatio.
929 1076 1134 1123 Praeterea,
1158 1083 1384 1115 contextum
1400 1075 1467 1116 Li-

340 1131 498 1169 vianum
523 1141 614 1169 cum
642 1130 780 1174 decem
813 1129 968 1170 diversae
994 1139 1160 1169 monetae
1185 1138 1252 1170 aut
1272 1130 1470 1180 scripturae

336 1183 541 1223 codicibus
583 1188 678 1237 (per
707 1184 947 1225 Gerhardum
974 1183 1258 1226 'Vercellensem
1286 1185 1469 1235 Burgun-

337 1237 462 1287 dum)
487 1237 674 1277 collatum
701 1237 796 1287 effe,
820 1252 922 1278 nova
946 1237 1111 1278 Ascenfii
1132 1239 1309 1288 praefatio
1346 1239 1468 1289 priori

331 1290 504 1341 subjecta
553 1293 689 1341 docet,
721 1306 804 1342 quae
839 1291 939 1331 hanc
969 1302 1099 1332 notam
1145 1292 1467 1343 chronologicam

330 1346 509 1396 praefert.
500 1360 509 1367 ·
544 1348 667 1386 Pridie
689 1347 825 1385 natalis
845 1347 1031 1386 Dominici
1058 1348 1264 1386 MDXIII.
1295 1346 1343 1387 In
1361 1346 1469 1387 calce

332 1399 423 1439 libri
454 1400 538 1439 haec
570 1400 738 1440 formula
773 1400 966 1452 adscripta
998 1401 1211 1451 reperitur:
1243 1403 1309 1439 Ex
1335 1401 1470 1439 adibus

333 1455 564 1508 Afienfianis
603 1456 701 1508 longe
727 1456 967 1503 accuratiore,
995 1470 1098 1508 quam
1121 1456 1281 1508 pridem,
1309 1455 1467 1508 vigilan·
1519 1463 1523 1466 ”

333 1509 412 1557 tia,
433 1509 562 1549 collato
597 1510 759 1548 videlicet
789 1510 981 1563 exemplari
1012 1523 1087 1548 cum
1120 1510 1231 1548 decem
1262 1511 1470 1548 venerandae

332 1564 517 1616 vetustatis
545 1564 742 1612 codicibus,
761 1562 797 1601 ὃ·
815 1579 886 1602 non
910 1563 1240 1617 osi-itantisjudicio
1265 1565 1466 1616 recognito,

332 1628 437 1669 atque
474 1619 558 1666 plus
592 1632 695 1670 quam
720 1619 901 1672 sexcentis
929 1619 1017 1656 locis
1047 1618 1243 1670 illustrato,
1265 1619 1303 1656 in
1336 1618 1464 1671 illustri

332 1671 519 1723 Parrlzifio
517 1686 587 1710 um
611 1673 824 1719 Academia,
839 1673 999 1725 impensis
1012 1672 1190 1712 Iohannis
1206 1672 1344 1721 Parvi,
1357 1671 1424 1709 ἕν’
1411 1687 1468 1724 lp·
1527 1710 1534 1714 ,

324 1726 364 1776 s
361 1739 431 1773 us
461 1727 521 1778 qui
551 1726 732 1779 tmprqff
682 1739 710 1764 t
766 1726 949 1779 Afiens
912 1741 924 1764 ι
974 1741 1070 1764 anno
1092 1727 1315 1764 redemtionis
1342 1727 1466 1765 liuma-

332 1793 386 1817 nae
412 1780 613 1820 MDXIIJ
631 1782 682 1818 ad
712 1782 844 1819 Nonas
878 1781 1102 1819 Decembres.
1121 1802 1201 1812 -—-
1227 1780 1312 1819 Vid.
1338 1779 1466 1821 Catal.

333 1832 434 1873 Bibl.
461 1833 604 1874 Bunav.
629 1835 702 1874 To.
719 1835 737 1874 I
762 1833 838 1873 vol.
864 1835 930 1886 Ip
905 1848 942 1886 p.
969 1835 1058 1888 296.

114 1926 119 1931 x
177 1886 279 1940 1516
333 1882 558 1927 Ascenfiana
595 1889 733 1927 eadem
773 1888 903 1928 recusa
943 1888 991 1929 ab
1030 1887 1210 1928 Gotfrido
1249 1888 1466 1942 Hittorpio,

337 1943 454 1991 (cive
486 1944 521 1982 δε
554 1942 799 1994 typographo
834 1942 1098 1992 Colonienfi).
1133 1943 1230 1994 Quae
1266 1943 1415 1991 editio,
1441 1956 1463 1983 a

337 1995 554 2036 Maittairio
582 1998 622 2036 in
643 1997 779 2036 Annal.
803 1996 1032 2048 typograph.
1048 2010 1126 2036 non
1147 1997 1348 2043 recensita,
1371 2009 1466 2037 cum

338 2050 475 2088 eadem
497 2052 627 2090 onmia
653 2051 839 2101 exhibet,
856 2066 940 2102 quae
966 2050 1187 2092 Ascenfiana
1212 2051 1376 2091 Parifina
1400 2051 1463 2100 II,

337 2105 453 2154 eique
479 2118 595 2154 quam
616 2104 803 2144 simillima
829 2105 903 2152 est,
926 2106 1024 2145 adeo
1047 2114 1090 2144 ut
1111 2114 1271 2156 utraque
1294 2105 1461 2145 totidem

335 2157 441 2196 foliis
481 2158 719 2207 absolvatur,
751 2159 980 2211 (absolvitur
1011 2167 1141 2198 autem
1167 2158 1250 2198 haec
1271 2158 1327 2199 ΙΙΙ
1356 2158 1461 2199 foliis

337 2211 585 2261 CCLXXX)
607 2221 739 2252 tamen
763 2226 783 2252 a
810 2214 926 2263 priori
952 2212 1092 2252 differt.
1121 2212 1207 2263 Ipsa
1233 2212 1316 2252 haec
1347 2212 1464 2254 Colo-

333 2265 473 2305 niensis
503 2279 570 2315 pro
607 2267 770 2307 Pariflna
812 2266 976 2306 habetur
1009 2266 1356 2316 Dmkeubomhio,
1392 2267 1464 2308 Fa-

333 2318 457 2360 bricio
490 2320 515 2360 s.
543 2320 732 2361 Ernestio.
758 2322 792 2361 ἃ
818 2320 988 2361 Harlefio
1012 2334 1020 2360 :
1063 2320 1128 2360 sed
1148 2320 1229 2361 falfi
1254 2321 1458 2370 videntur;

335 2374 442 2423 quod
462 2373 593 2414 titulus
614 2374 693 2425 ipse
708 2388 728 2414 a
747 2374 1065 2414 Drakenborchio
1089 2374 1321 2426 descriptus,
1338 2377 1374 2416 &
1401 2389 1460 2416 ra-

336 2427 392 2466 tio
418 2440 560 2468 vocum
581 2429 622 2467 in
646 2428 813 2469 Parismis
841 2428 1004 2469 Ascenfii
1029 2429 1212 2469 omnibus
1239 2429 1355 2469 literis
1383 2441 1460 2468 ex-

337 2489 525 2525 aratarum
551 2495 620 2536 per
644 2483 879 2536 compendia
907 2482 1096 2524 scribendi
1118 2484 1261 2536 prodit.
1297 2482 1455 2525 Titulus
