1582 2793
222 214 819 266 HISTORIARUM
872 212 1111 262 L113.11.
1218 231 1299 277 173

85 327 241 374 LXIII.
274 328 392 373 Inter
424 325 518 370 haec
547 320 691 378 bella,
724 336 933 366 manente
970 320 1190 368 discordia
1221 323 1307 371 do-

19 400 113 454 mi,
148 403 204 448 T.
236 396 472 445 Numicius
510 393 714 449 Priscus,
750 394 803 442 Α.
839 393 1064 455 Virginius
1106 396 1312 442 consules

21 473 137 520 stiffi.
180 473 286 518 Non
315 469 430 516 ultra
451 467 687 516 videbatur
713 465 850 512 latura
881 466 1030 528 plebes
1050 467 1313 514 dilationem

23 546 203 608 agrariae
228 542 361 605 legis,
382 541 630 603 ultimaque
651 540 719 586 vis
738 539 976 600 parabatur
992 575 1005 595 ,
1034 556 1162 594 cum,
1192 541 1312 586 Vol-

25 618 123 664 scos
160 615 334 672 adeste,
367 613 495 660 fumo
530 630 584 658 ex
627 611 847 658 incendiis
877 611 1087 658 villarum
1122 613 1314 675 fugaque

7 689 256 753 'agrestium
291 686 528 750 cognitum
556 683 630 731 est.
664 700 715 730 ea
742 700 809 729 res
834 696 1049 730 maturam
1076 683 1166 746 jam
1200 673 1317 731 seili-

27 765 201 810 tionem
225 777 274 810 ac
296 776 439 823 prope
467 772 784 820 erumpentum
810 758 1025 820 represlit.
1066 758 1318 818 Consules,

30 836 174 884 coaffl
213 833 444 895 extemplo
481 832 536 878 ab
568 830 720 877 senatu
752 831 806 877 ad
843 831 1041 889 bellum,
1071 833 1224 879 educ‘la
1263 850 1320 879 ex

30 911 141 956 urbe
172 908 409 970 juventute
425 941 440 964 ,
460 903 824 966 tranquilliorem
853 916 1041 950 ceteram
1061 906 1235 968 plebem
1257 906 1320 952 fe—

34 993 203 1030 cerunt.
235 982 290 1026 Et
318 977 468 1025 hostes
494 976 703 1038 quidem,
726 977 835 1021 nihil
858 977 979 1023 aliud
1005 994 1138 1040 quam
1170 978 1321 1041 perfu-

34 1057 101 1104 sis*
121 1071 242 1104 vano
275 1052 439 1101 timore
473 1049 722 1109 Romanis,
756 1050 896 1097 citato
930 1052 1106 1116 agmine
1142 1053 1321 1100 abeunt.

37 1129 277 1179 Numicius
294 1126 481 1174 Antium
499 1124 712 1172 adversus
729 1124 939 1182 Volscos,
957 1125 1191 1190 Virginius
1213 1144 1325 1173 con-

36 1218 104 1252 tra
134 1204 308 1267 AEquos
335 1197 574 1262 profectus.
615 1197 679 1243 ibi
708 1214 763 1243 ex
791 1197 958 1245 insidiis
989 1215 1134 1262 prope
1168 1217 1327 1263 magna

40 1288 222 1339 accepta
248 1272 400 1330 clade,
428 1271 576 1318 virtus
603 1270 794 1316 militum
820 1288 941 1328 rem,
963 1272 1214 1334 prolapsam
1245 1291 1327 1319 ne-

42 1348 254 1416 gligentia
285 1344 510 1402 consulis,
538 1343 738 1391 restituit.
777 1344 939 1392 Melius
968 1346 1014 1391 in
1043 1346 1218 1393 Volscis
1248 1348 1332 1394 in:-

44 1437 252 1490 peratum
290 1419 367 1468 est.
408 1418 508 1466 Fufi
541 1417 690 1480 primo
724 1418 894 1480 proelio
928 1418 1077 1465 hostes
1097 1454 1111 1477 ‚
1141 1418 1331 1482 fugaque

46 1500 94 1546 in
126 1499 284 1546 urbem
317 1493 503 1541 Antium
520 1528 535 1551 ,
559 1508 611 1538 ut
638 1506 734 1538 tum
768 1508 837 1538 res
864 1504 990 1538 erant
1007 1528 1021 1550 ,
1051 1493 1333 1555 opulentifii-

46 1590 165 1620 mam
197 1569 294 1616 affl.
329 1585 466 1632 quam
487 1564 645 1613 consul
670 1582 930 1629 oppugnare
952 1582 1047 1611 non
1067 1565 1220 1625 ausus,
1248 1567 1335 1613 Ce-

49 1661 219 1705 no'nem
239 1678 253 1700 ,
282 1641 402 1688 aliud
436 1639 683 1701 oppidum,
713 1655 990 1702 nequaquam
1025 1652 1112 1685 tam
1147 1640 1338 1701 opulem

50 1732 170 1775 tum,
204 1717 259 1762 ab
292 1713 545 1760 Antiatibus
578 1712 710 1774 cepit.
766 1713 892 1758 Dum
925 1712 1060 1775 AEqui
1092 1706 1338 1776 Volscique

50 1793 290 1839 Romanos
317 1787 544 1834 exercitus
566 1797 721 1831 tenent
736 1821 750 1844 ‚
770 1785 922 1831 Sabini
946 1786 1085 1848 usque
1107 1786 1162 1830 ad
1185 1799 1339 1848 portas

52 1864 177 1912 urbis
205 1861 475 1925 populantes
507 1858 730 1905 incessere.
768 1859 926 1904 deinde
947 1860 1026 1922 ipsi
1059 1861 1211 1922 paucis
1241 1860 1341 1922 post

56 1937 214 1985 diebus
251 1935 307 1980 ab
342 1933 519 1979 duobus
553 1932 856 1991 exercitibus,
882 1946 1080 1996 utroque
1118 1950 1196 1996 per
1230 1934 1342 1980 iram

59 2009 242 2060 consule
271 2007 466 2071 ingresso
500 2006 547 2052 in
573 2005 710 2065 fineS‚
741 2007 841 2070 plus
872 2007 1092 2066 cladium,
1112 2024 1246 2072 quam
1276 2008 1342 2055 in-

57 2085 280 2139 tulerant,
316 2092 601 2143 acceperunt.

124 2158 284 2204 LXIV.
333 2156 550 2200 Extremo
585 2169 708 2200 anno
744 2152 865 2215 pacis
896 2151 1065 2217 aliquid
1093 2151 1211 2211 suit3
1242 2153 1347 2212 sed,

64 2242 116 2277 ut
142 2231 312 2291 semper
334 2227 441 2274 alias
457 2263 470 2285 ,
494 2225 695 2272 sollicitae
724 2225 967 2272 certamine
987 2227 1167 2274 Patrum
1189 2229 1237 2274 &
1255 2228 1347 2289 ple—

65 2304 146 2350 bis,
181 2303 296 2347 Irata
319 2299 444 2362 plebs
471 2297 674 2345 interefl'e
704 2297 1012 2345 consularibus
1043 2299 1240 2345 comitiis
1263 2315 1351 2344 no—

66 2377 164 2424 luit.
200 2377 281 2422 Per
309 2375 458 2421 Patres
489 2372 758 2436 clientesque
785 2375 965 2420 Pati-um
996 2373 1201 2420 consules
1230 2390 1352 2420 crea-

67 2449 104 2495 ti
128 2448 185 2494 T.
204 2446 446 2507 Quinffius
462 2481 477 2504 ‚
495 2447 557 2506 Q.
574 2445 805 2494 Servilius.
837 2445 1021 2491 similem
1042 2462 1210 2491 annum
1230 2445 1354 2508 prio-

70 2521 110 2570 ri
127 2519 334 2569 consules
352 2519 546 2578 habent,
563 2517 766 2566 seditiosa
783 2516 910 2564 initia
924 2552 937 2574 ‚
957 2517 1078 2564 bello
1099 2516 1260 2563 deinde
1279 2534 1356 2562 ex-
