1582 2793
180 188 269 251 ψεῖ
528 185 1099 232 T1T1L1V11

174 292 461 337 indeftztzatum
500 291 656 336 inilic‘Za
696 292 823 352 causa
854 311 939 336 non
976 294 1022 336 d
1018 293 1109 336 bere
1148 293 1312 338 iiolari.
1350 290 1461 338 Trio

172 365 321 412 hunus
346 364 603 424 fitppliciuin
638 376 770 426 negat
790 364 1029 424 ficmturum
1044 365 1094 424 se
1116 367 1164 409 dc
1182 367 1460 412 indamnato·
1437 402 1458 421 ,

159 452 425 498 jessyffmrum
450 451 553 480 tam
552 455 587 480 72
615 439 659 480 in
680 438 861 480 vinculis
883 433 953 499 effi
974 437 1200 493 adjuclicii
1218 439 1357 483 diem:
1382 455 1458 495 ut,

171 514 241 572 qui
260 512 466 557 hominem
495 525 730 565 necaverat,
760 511 807 552 de
831 527 876 553 eo
893 509 1100 568 supplicii
1116 510 1316 568 sumendi
1337 513 1459 570 copia

162 588 322 648 populo
358 587 553 630 Romano
574 584 671 642 fiat.
719 580 946 643 Appellati
981 581 1155 627 tribuni
1186 583 1338 629 medio
1375 583 1455 629 de-

168 669 298 705 creto
326 654 393 716 jus
418 655 574 702 auxilii
606 653 672 699 sui
706 653 985 716 expediunt:
1021 652 1069 699 in
1094 654 1279 702 vincula
1306 653 1458 716 conji-

168 733 212 781 ci
245 744 434 783 vetant:
466 729 551 776 sisti
586 745 736 785 reum,
757 727 1085 792 pecuniamque
1104 764 1118 786 ,
1147 728 1229 775 nisi
1264 728 1462 788 sistatur,

168 808 346 872 populo
383 805 620 870 promitti,
657 805 832 867 placere
875 805 1192 867 pronuntiant.
1230 805 1459 853 Summam

167 880 374 945 pecuniae
409 891 620 944 quantam
648 895 826 942 aequum
855 878 960 925 esset
990 879 1223 941 promitti,
1245 879 1458 926 veniebat

168 955 218 1003 in
249 953 461 1001 dubium:
497 953 543 998 id
577 952 632 998 ad
660 951 863 998 senatum
899 949 1119 1012 rejicitur.
1162 952 1316 1008 Reus,
1350 952 1459 1000 dum

167 1028 510 1078 consulerentur
541 1026 718 1083 Patres,
737 1037 935 1072 retentus
964 1025 1011 1071 in
1041 1024 1226 1087 publico
1256 1024 1332 1071 est.
1373 1042 1460 1072 va-

165 1105 244 1149 des
265 1103 369 1149 dare
398 1100 580 1164 placuit.
622 1116 762 1145 unum
783 1098 946 1145 vadem
965 1097 1108 1144 tribus
1137 1097 1333 1145 millibus
1359 1098 1464 1146 aeris

166 1175 441 1240 obligarunt.
467 1187 583 1237 quot
610 1173 821 1220 darentur
837 1208 852 1230 ,
870 1171 1126 1234 permissum
1155 1171 1349 1218 tribunis
1376 1171 1457 1218 est.

165 1251 325 1296 decem
345 1247 577 1294 finierunt.
612 1259 684 1293 tot
702 1245 892 1292 vadibus
918 1243 1150 1292 accusator
1175 1246 1362 1292 vadatus
1391 1245 1455 1292 est

165 1341 307 1370 reum.
350 1324 437 1370 Hic
465 1322 635 1384 primus
661 1320 798 1367 vades
832 1319 1043 1380 publicos
1082 1319 1218 1365 dedit.
1258 1319 1459 1366 dimissus

164 1414 191 1443 e
222 1395 327 1442 foro
354 1395 486 1442 nocie
513 1393 724 1458 proxima
744 1393 790 1439 in
816 1391 991 1439 Tuscos
1021 1391 1067 1438 in
1098 1391 1301 1439 exsilium
1331 1393 1457 1440 abiit.

165 1470 329 1518 Judicii
362 1471 433 1517 die
465 1487 568 1517 cum
608 1467 893 1515 excusaretur
924 1465 1068 1514 solum
1097 1465 1277 1513 vertisse
1311 1467 1454 1518 exsilii

166 1543 297 1591 causa
314 1578 329 1601 ‚
353 1542 648 1590 nihilominus
664 1539 877 1605 Virginio
905 1539 1089 1587 comitia
1115 1539 1306 1587 habente
1321 1576 1335 1599 ‚
1355 1541 1457 1588 col-

165 1617 278 1680 legae
308 1615 519 1678 appellati
555 1613 758 1662 dimisere
785 1614 1059 1662 concilium:
1095 1614 1288 1677 pecunia
1318 1633 1343 1663 a
1372 1633 1458 1678 pa-

164 1700 233 1735 tre
264 1689 416 1735 exafta
436 1687 706 1746 crudeliter,
737 1699 786 1734 ut
804 1723 817 1744 ‚
849 1687 1092 1734 divenditis
1122 1687 1333 1734 omnibus
1365 1689 1456 1735 bo-

167 1762 236 1809 nis
253 1798 268 1821 ‚
299 1761 575 1826 aliquamdiu
605 1773 725 1808 trans
753 1760 985 1819 Tiberim,
1023 1759 1166 1807 veluti
1198 1760 1416 1825 relegatus
1435 1797 1456 1823 ‚

167 1834 216 1881 in
246 1835 387 1882 devio
424 1835 621 1899 quodam
651 1833 833 1897 tugurio
866 1833 1060 1882 viveret.

230 1911 355 1956 XIV.
380 1910 484 1956 Hoc
507 1907 726 1970 judicium
756 1909 807 1955 &
836 1906 1122 1971 promulgata
1149 1907 1221 1953 lex
1244 1905 1453 1954 exercuit

164 1982 424 2030 civitatem:
445 1983 500 2030 ab
527 1982 724 2030 externis
748 1981 882 2029 armis
909 1981 1055 2028 otium
1077 1980 1176 2028 fuit.
1209 1981 1459 2037 Cum‚ve-

164 2057 234 2103 lut
265 2057 462 2103 vistores
481 2093 495 2114 ,
528 2056 733 2112 tribuni,
770 2055 984 2119 perculsis
1013 2055 1219 2101 Patribus
1251 2052 1458 2101 Caesonis

164 2129 322 2176 exsilio
343 2165 356 2185 ,
390 2146 534 2191 prope
565 2130 779 2193 perlatam
809 2128 895 2175 effe
920 2128 1154 2175 crederent
1181 2127 1322 2189 legem
1338 2161 1352 2183 ,
1373 2127 1456 2182 δε,

165 2202 293 2264 quod
319 2203 374 2247 ad
400 2201 595 2248 seniores
614 2204 792 2249 Parrum
823 2201 1095 2262 pertineret,
1119 2198 1333 2263 ceffiffent
1351 2197 1456 2260 pos·

166 2273 352 2320 seffione
371 2273 657 2335 reipublicae3
679 2274 880 2336 juniores
895 2310 909 2331 ‚
936 2273 982 2319 id
1000 2271 1193 2319 maxime
1211 2270 1336 2333 quod
1353 2271 1454 2318 Cae·

169 2346 288 2393 sonis
320 2346 536 2393 sodalium
568 2346 651 2392 fuit
670 2383 684 2405 ‚
720 2364 883 2393 auxere
915 2347 1000 2393 iras
1032 2345 1078 2391 in
1109 2346 1287 2408 plebem
1310 2380 1324 2401 ‚
1355 2360 1453 2391 non

167 2420 427 2466 minuerunt
461 2418 651 2466 animos.
710 2419 783 2465 sed
818 2420 881 2465 ibi
917 2419 1161 2480 plurimum
1198 2417 1451 2481 profeSlum

173 2492 234 2542 est
247 2529 261 2553 ,
277 2493 401 2558 quod
418 2492 559 2542 modo
580 2492 777 2557 quodam
794 2506 1102 2557 temperavere
1121 2492 1314 2556 impetus
1335 2490 1453 2539 suos.

806 2642 827 2662 ἢ
