1582 2793
304 163 1076 211 HISTORIARUMLHJ.
1114 166 1208 211 111.
1339 178 1425 228 215

139 270 286 332 jacere
308 271 492 317 vallum.
523 269 659 316 Edito
681 268 876 332 imperio
894 305 906 325 ‚
931 269 1102 333 signum
1126 270 1325 317 secutum
1355 269 1434 317 est.

138 342 246 406 jussa
276 344 401 390 miles
428 342 688 406 exsequitur
709 359 719 388 :
751 342 921 388 clamor
945 343 1093 390 hostes
1117 345 1433 391 circumsonat.

134 420 324 482 Superat
354 418 456 464 inde
491 417 630 465 castra
663 417 889 476 hostium,
911 419 958 466 &
990 418 1034 464 in
1069 419 1205 466 castra
1236 420 1434 467 consussis

136 492 297 539 venit:
329 492 434 538 alibi
465 508 717 555 pavorem,
742 491 847 538 alibi
878 493 1088 556 gaudium
1127 493 1283 557 ingens
1313 493 1435 545 facit.

134 564 335 611 Romani
355 601 368 621 ‚
389 569 551 612 civilem
578 565 653 630 effe
675 570 890 612 clamorem
907 602 920 623 ‚
939 583 1060 628 atque
1077 571 1290 614 auxilium
1313 569 1436 625 ades-'-

125 641 178 703 fi
199 676 212 696 ‚
243 639 359 686 inter
388 640 431 686 se
458 639 755 704 gratulantes,
778 640 900 687 ultro
923 657 978 687 ex
1001 641 1266 689 stationibus
1287 661 1338 691 ac
1364 644 1435 690 vi-

135 712 252 776 giliis
294 713 500 760 territant
533 712 718 760 hostem.
762 712 937 760 Consul
965 713 1257 763 differendum
1291 729 1436 779 negat.

136 787 221 831 Illo
254 790 429 832 clamore
454 806 540 833 notz
570 791 794 832 adventum
824 789 950 832 modo
966 787 1208 851 figmficari
1226 823 1239 845 ‚
1250 791 1336 850 sed
1356 807 1436 835 rem

136 860 189 904 ab
206 859 308 919 sicis
335 876 507 920 coeptam
526 877 542 906 .·
561 862 788 922 mirumque
818 859 914 926 effe,
931 864 978 906 ηἰ
993 860 1093 919 jam
1118 865 1315 910 exteriore
1332 883 1436 925 par·

137 947 174 981 ce
205 931 333 996 castra
363 934 537 996 hostium
569 951 863 995 oppugnentur.
904 935 1049 996 Itaque
1081 954 1199 981 arma
1219 937 1326 996 filos
1364 954 1436 982 ca-

129 1023 258 1065 pere,
289 1003 332 1051 6}
356 1007 406 1066 se
422 1007 618 1068 ficbsequi
645 1005 784 1067 jubet.
836 1007 981 1054 Nocte
1023 1008 1182 1056 initum
1219 1010 1438 1072 proelium

138 1077 200 1122 est
227 1095 249 1124 a
279 1077 566 1141 legionibus:
597 1078 806 1125 difflatori
840 1080 1038 1128 clamore
1068 1080 1345 1145 significant,
1381 1083 1438 1128 ab

138 1167 191 1197 ea
213 1168 399 1215 quoque
426 1166 551 1215 parte
578 1168 671 1198 rem
699 1151 746 1198 in
780 1152 1035 1200 discrimine
1067 1154 1166 1202 effe.
1191 1155 1283 1201 Jam
1315 1153 1356 1200 se
1382 1153 1438 1200 ad

138 1224 425 1287 prohibenda
445 1224 713 1272 circumdari
738 1242 875 1289 opera
894 1227 1027 1291 AEqui
1048 1228 1261 1290 parabant
1279 1264 1292 1285 ‚
1310 1245 1438 1287 cum,

137 1297 195 1343 ab
222 1298 440 1345 interiore
461 1298 588 1346 hoste
611 1299 782 1361 proelio
807 1314 990 1364 coept0‚
1011 1319 1064 1348 ne
1087 1318 1166 1364 per
1193 1303 1337 1349 media
1362 1301 1437 1348 sua

139 1370 278 1418 castra
312 1370 439 1419 fieret
470 1373 681 1436 erupti0,
712 1391 736 1421 a
765 1375 1074 1422 munientibus
1102 1375 1157 1422 ad
1188 1388 1438 1439 pugnantes

139 1442 389 1492 introrsum
431 1446 550 1492 versi
571 1482 586 1505 ‚
619 1463 815 1495 vacuam
866 1448 1045 1495 nostem
1089 1448 1217 1511 operi
1260 1449 1438 1497 dedere.

139 1532 481 1583 pugnatumque
503 1537 604 1567 cum
630 1520 814 1568 consule
846 1522 899 1567 ad
921 1522 1066 1569 lucem
1088 1522 1161 1569 est.
1190 1525 1310 1569 Luce
1341 1523 1439 1585 pri-

139 1609 213 1642 ma
229 1591 319 1653 jam
338 1591 672 1640 circumvallati
699 1594 755 1640 ab
775 1594 990 1641 dictatore
1014 1607 1164 1651 erant,
1183 1597 1232 1643 &
1253 1596 1335 1641 vix
1357 1595 1439 1641 ad-

139 1664 293 1714 versus
313 1681 454 1711 unum
485 1665 735 1713 exercitum
755 1683 951 1731 pugnam
980 1667 1267 1715 sustinebant.
1294 1684 1390 1716 tum
1414 1685 1439 1716 a

142 1737 424 1799 Quinffiano
443 1737 662 1797 exercitu,
680 1739 758 1803 qui
779 1738 1014 1786 confestim
1035 1758 1058 1787 a
1078 1740 1276 1804 perfecto
1297 1757 1439 1804 opere

141 1810 198 1856 ad
218 1826 340 1856 arma
359 1809 490 1856 rediit
506 1845 520 1868 ‚
540 1810 772 1859 invaditur
794 1811 976 1859 vallum.
1014 1811 1085 1859 hic
1107 1811 1295 1858 instabat
1314 1829 1442 1860 nova

140 1900 322 1948 pugna:
358 1883 435 1930 illa
470 1883 586 1931 nihil
618 1885 845 1933 remiserat
878 1886 1018 1949 prior.
1060 1887 1183 1933 Tum
1208 1924 1222 1945 ‚
1252 1887 1443 1952 ancipiti

140 1959 264 2007 malo
294 1970 507 2023 urgente,
529 1977 554 2007 a
585 1960 754 2024 proelio
783 1963 837 2008 ad
860 1979 1013 2025 preces
1036 1962 1150 2009 versi
1169 1998 1182 2020 ‚
1216 1962 1321 2009 hinc
1346 1963 1442 2010 dic·

141 2046 333 2081 tatorem
350 2071 363 2093 ‚
380 2034 485 2082 hinc
503 2036 734 2084 consulem
758 2055 913 2096 orare,
936 2056 990 2086 ne
1010 2039 1052 2086 in
1075 2038 1319 2085 occidione
1341 2039 1443 2086 vicd

140 2108 305 2156 toriam
324 2122 574 2173 ponerent,
598 2124 649 2158 ut
675 2112 867 2159 inermes
896 2113 940 2160 se
958 2113 1062 2160 inde
1081 2112 1202 2159 abire
1227 2112 1437 2160 sinerent.

141 2181 214 2227 Ab
239 2181 422 2229 consule
448 2183 504 2230 ad
524 2183 785 2232 dictatorem
807 2186 871 2233 ire
901 2186 1021 2246 juffis
1046 2185 1343 2249 ignominiam
1367 2184 1444 2229 in-

142 2250 293 2298 fensus
315 2252 497 2301 addidit.
531 2255 792 2302 Gracchum
822 2256 1041 2303 Cloelium
1073 2257 1231 2302 ducem
1265 2254 1445 2317 princi·

143 2324 312 2389 pesque
347 2326 462 2373 alios
495 2326 674 2375 vindos
705 2329 761 2375 ad
799 2329 840 2376 se
873 2330 1035 2378 adduci
1068 2329 1227 2392 jubet,
1264 2330 1444 2392 oppido

147 2398 388 2446 Corbione
420 2400 603 2447 decedi:
636 2407 874 2466 Sanguinis
895 2407 945 2466 se
968 2409 1202 2465 AEquomm
1230 2422 1316 2449 non
1351 2422 1445 2466 ege-

143 2491 183 2520 re
205 2489 222 2519 .·
242 2475 359 2520 licere
381 2476 522 2522 abire:
541 2476 626 2538 sed
636 2511 654 2539 ‚
683 2493 730 2523 ut
747 2466 1008 2540 exprimatur
1024 2480 1192 2523 tandem
1227 2477 1452 2542 confssz'o,

1047 2552 1152 2611 04
