1582 2793
213 154 273 202 30
562 137 1124 188 T1T1L1v11

210 248 318 294 tima
356 247 494 294 Italiae
529 263 645 308 ora,
691 249 807 297 circa
847 252 1165 313 Metapontum
1205 250 1494 298 Heracleam-

209 340 300 387 que
319 325 368 370 &
389 324 597 371 Crotona
613 358 626 381 ‚
657 322 874 386 juvenum
899 324 1206 371 aemulantium
1226 324 1367 370 studia
1395 341 1496 371 coe-

209 407 284 443 tus
315 395 510 442 habuisse
535 395 720 443 constat.
756 399 825 442 Ex
854 396 1015 458 quibus
1048 397 1161 444 locis
1195 397 1273 442 etsi
1298 396 1494 459 ejusdem

209 469 350 516 aetatis
378 469 555 527 fuisset,
582 487 683 533 quae
709 469 826 515 fama
853 470 899 514 in
919 470 1140 528 Sabinos,
1171 482 1248 516 aut
1277 486 1373 534 quo
1401 469 1494 516 lin·

205 559 307 607 guae
335 542 614 589 commercio
630 579 645 600 ,
664 558 921 605 quenquam
941 542 996 586 ad
1016 542 1307 604 cupiditatem
1325 542 1494 590 discen-

206 617 254 663 di
281 616 546 664 exciviffet?
586 633 744 680 quove
778 615 983 679 praesidio
1015 633 1130 663 unus
1165 633 1245 679 per
1273 629 1344 663 tot
1379 633 1492 681 gen-

206 703 305 750 tes,
347 691 540 738 dissonas
578 691 782 737 sermone
820 691 1143 755 moribusque,
1181 690 1494 756 pervenisset?

207 767 376 829 Suopte
409 766 544 830 igitur
577 766 761 830 ingenio
789 778 1081 830 temperatum
1114 768 1313 814 animum
1341 767 1491 816 virtu-

206 841 325 888 tibus
353 839 478 887 fuiss'e
500 840 671 903 opinor
693 841 856 904 magis3
889 841 1242 904 instructumque
1274 857 1371 887 non
1400 852 1492 889 tam

206 913 452 978 peregrinis
481 913 651 960 artibus
670 949 684 972 ‚
712 931 845 977 quarn
879 913 1111 977 disciplina
1143 914 1299 961 tetrica
1325 933 1378 962 ac
1408 914 1492 961 tri-

204 988 260 1034 sti
288 999 497 1037 veterum
515 986 805 1034 Sabinorum:
838 1005 930 1051 quo
954 1004 1114 1052 genere
1141 988 1316 1035 nullum
1338 1005 1492 1052 quon-

207 1060 310 1107 dam
336 1060 644 1124 incorruptius
663 1061 761 1108 suit.
791 1061 960 1108 Audito
979 1063 1165 1110 nomine
1188 1063 1351 1108 Numae
1367 1099 1381 1121 ‚
1405 1063 1492 1110 Pa-

206 1146 293 1182 tres
314 1133 540 1192 Romani,
563 1152 820 1198 quanquam
842 1134 1050 1183 inclinari
1072 1153 1182 1200 opes
1202 1136 1257 1182 ad
1274 1135 1490 1195 Sabinos,

204 1224 309 1271 rege
324 1207 429 1253 inde
447 1206 617 1264 sumto,
632 1207 932 1265 videbantur;
957 1220 1104 1256 tamen
1118 1245 1130 1267 ,
1146 1225 1292 1272 neque
1310 1207 1352 1254 se
1370 1209 1492 1272 quis-

204 1297 368 1344 quam,
395 1297 479 1327 nec
513 1279 720 1327 factionis
749 1280 836 1328 suae
866 1281 1000 1328 alium
1021 1317 1034 1340 ‚
1065 1299 1148 1328 nec
1177 1281 1371 1344 denique
1405 1283 1493 1328 Pa-

204 1367 326 1399 trum
347 1363 424 1399 aut
450 1352 622 1399 civium
655 1369 914 1417 quenquam
945 1353 1155 1417 praeferre
1187 1354 1260 1400 illi>
1274 1355 1379 1403 viro
1408 1371 1492 1401 au-

203 1426 265 1486 fi,
295 1427 351 1473 ad
382 1443 523 1473 unum
558 1443 716 1474 omnes
742 1428 905 1475 Numae
927 1427 1156 1491 Pompilio
1187 1444 1378 1491 regnum
1411 1428 1491 1475 de-

204 1498 440 1547 ferendum
471 1501 732 1548 decernunt.
765 1501 948 1549 Accitus
968 1537 982 1561 ‚
1016 1501 1128 1548 ficut
1151 1501 1378 1549 Romulus
1405 1520 1491 1550 au-

206 1584 367 1636 gurato
396 1573 507 1620 urbe
533 1574 770 1621 condenda
800 1592 989 1638 regnum
1018 1574 1203 1637 adeptus
1235 1575 1298 1621 est
1316 1611 1330 1633 ‚
1365 1575 1419 1622 de
1448 1574 1492 1622 se

203 1647 388 1710 quoque
420 1648 551 1695 Deos
581 1648 757 1696 consuli
786 1648 918 1711 juffit.
954 1650 1057 1696 inde
1092 1651 1148 1696 ab
1177 1666 1346 1713 augure
1378 1648 1489 1713 (cui

205 1720 366 1767 deinde
382 1757 396 1779 ,
430 1722 621 1769 honoris
642 1739 750 1786 ergo
768 1759 780 1781 ‚
805 1723 1038 1785 publicum
1063 1724 1107 1769 id
1131 1736 1489 1787 perpetuumque

204 1794 504 1841 sacerdotium
526 1795 642 1859 fuit)
673 1796 887 1843 deductus
918 1798 965 1843 in
994 1814 1139 1844 arcem
1159 1834 1173 1857 ‚
1202 1797 1250 1844 in
1270 1797 1416 1860 lapide
1434 1796 1492 1844 ad

204 1866 435 1913 meridiem
462 1868 617 1915 versus
639 1867 857 1916 consedit.
898 1872 1052 1933 Augur
1085 1871 1139 1917 ad
1170 1870 1336 1918 laevam
1365 1869 1491 1932 ejus,

207 1941 351 2003 capite
379 1941 558 1999 velato,
589 1941 732 1989 sedem
766 1944 910 2005 cepit,
945 1944 1103 1990 dextra
1129 1962 1264 1991 manu
1284 1944 1492 1992 baculum

203 2014 294 2060 fine
313 2015 441 2060 nodo
461 2015 686 2062 aduncum
708 2028 863 2063 tenens
883 2052 896 2073 9
934 2034 1068 2080 quem
1098 2017 1257 2064 lituum
1291 2017 1492 2080 appella-

204 2098 385 2132 verunt.
424 2086 528 2132 inde
563 2087 671 2145 ubi,
707 2087 944 2150 prospectu
976 2089 1021 2134 in
1051 2088 1207 2135 urbem
1240 2106 1488 2154 agrumque

204 2171 368 2222 capto,
393 2160 523 2206 Deos
547 2173 777 2222 precatus,
812 2160 1019 2224 regiones
1048 2161 1103 2206 ab
1124 2160 1299 2207 oriente
1331 2162 1388 2208 ad
1405 2178 1490 2209 oc-

206 2231 355 2278 casum
385 2233 729 2289 determinavit;
765 2232 944 2277 dextras
973 2233 1028 2297 ad
1054 2233 1285 2280 meridiem
1312 2248 1489 2297 partes,

206 2305 343 2351 laevas
367 2305 421 2350 ad
445 2304 809 2366 septemtrionem
837 2304 921 2350 ess'e
942 2304 1066 2350 dixit.
1101 2306 1284 2368 Signum
1306 2318 1491 2366 contra,

206 2384 302 2438 qu'o
328 2375 578 2438 longissime
611 2375 894 2437 conspectum
924 2376 1046 2422 oculi
1075 2376 1277 2425 ferebant
1295 2415 1309 2437 ‚
1336 2379 1490 2427 animo

208 2448 375 2499 finivit.
418 2448 538 2497 Tum
558 2485 574 2511 ,
610 2449 727 2498 lituo
759 2450 807 2497 in
843 2451 1006 2502 laevam
1035 2469 1215 2501 manum
1245 2452 1492 2514 translato,
