1680 2803
569 115 886 162 VITA.
1331 125 1389 159 xx

97 229 235 287 tinis,
264 242 362 290 cap.
387 224 545 273 XXV.
583 223 728 287 Hujus
763 219 1004 269 occasione
1043 219 1174 268 facile
1210 220 1393 267 credere

96 314 189 371 cst,
213 311 354 359 multa
380 307 608 372 collegisse
638 306 824 353 Livium
843 341 855 359 ,
882 320 966 351 nec
1003 321 1099 350 non
1130 306 1180 350 ὃς
1208 320 1265 349 ex
1295 306 1394 348 Au-

95 394 209 460 gusti
237 392 423 441 Caesaris
457 407 628 454 opera,
647 389 725 453 qui
754 387 921 451 pariter
952 388 1206 432 Romanam
1234 386 1393 432 Histo-

95 479 209 526 riam
231 475 496 539 conscripsit
510 510 524 533 ‚
551 473 637 520 alia
657 471 986 536 quamplurima
1006 469 1237 517 annotaffe
1252 505 1265 526 ‚
1289 470 1395 532 qui—

93 562 182 612 bus
201 560 382 609 demum
403 575 458 606 ex
478 557 714 614 omnibus,
733 566 782 601 ut
799 552 1026 602 Caesarum
1045 552 1259 610 istorum,
1281 552 1392 598 alio-

94 660 288 708 rumque
313 640 540 691 desideriis
571 637 873 695 satisfaceret,
902 635 1146 684 Historiam
1178 636 1395 699 ampliffi-

92 745 214 777 mam
241 727 322 775 fibi
345 723 718 775 conscribendam
741 720 969 778 statuerit,
993 722 1072 778 &‚
1091 718 1221 784 quod
1242 720 1395 782 priva-

94 811 152 859 tis
174 806 513 858 commentariis
541 804 796 873 seposuerat
810 841 826 866 ‚
849 803 983 853 latius
1012 802 1252 866 explicarit
1271 838 1285 859 .,
1306 801 1394 849 dif-

92 893 353 959 fuderitque
382 892 429 940 in
449 890 663 940 Historiae
693 905 920 952 campum.
951 889 1104 949 Quam
1124 885 1312 934 exorsus
1336 885 1392 932 ab

93 980 154 1025 U.
185 977 240 1024 C.
269 975 457 1023 eandem
495 972 750 1039 perduxiffe
783 971 925 1020 fertur
958 969 1096 1037 usque
1138 971 1195 1018 ad
1224 969 1394 1017 bellum

94 1058 420 1108 Germanicum
438 1058 600 1118 Drusi,
620 1055 812 1123 Augusti
829 1054 1017 1104 Caesaris
1037 1052 1253 1120 privigni.
1282 1055 1393 1100 Eam

92 1159 212 1191 vero
247 1142 412 1207 partim
455 1142 618 1191 Romae
655 1139 928 1198 contexuit,
963 1139 1127 1202 partim
1162 1136 1392 1201 Neapoli,

93 1226 174 1274 ubi
191 1263 208 1285 ‚
227 1226 367 1274 animi
396 1225 628 1274 recreandi
656 1223 797 1289 gratia
812 1259 826 1282 ‚
849 1222 1113 1270 morabatur
1139 1221 1362 1269 interdum
1379 1256 1392 1277 ‚

94 1311 146 1358 δέ
185 1309 286 1358 otio
319 1309 433 1356 inibi
465 1307 587 1356 dulci
620 1306 854 1372 perfruens
874 1343 889 1366 ,
924 1306 1243 1354 Romanorum
1274 1303 1390 1368 gesta

92 1391 344 1440 immortali
373 1390 585 1440 facundia
615 1389 945 1440 immortalitati
978 1388 1183 1448 dicabat,
1206 1387 1392 1450 Stepha-

92 1493 158 1524 no
194 1474 409 1522 Vinando
450 1473 613 1539 Pighio
648 1472 755 1520 teste
789 1473 838 1520 in
877 1471 1074 1521 Hercule
1108 1471 1188 1520 suo
1228 1470 1392 1519 Prodi-

94 1558 202 1617 cio,
227 1557 306 1605 ubi
336 1557 431 1606 loci
463 1557 785 1606 commendans
807 1555 1092 1604 clementiam
1120 1554 1393 1618 Neapolita-

92 1641 142 1689 ni
174 1640 316 1702 coeli,
342 1641 405 1689 ita
439 1640 605 1688 disserit
635 1640 690 1687 de
723 1638 834 1687 viris
868 1639 1039 1698 doctis,
1071 1641 1122 1687 &
1159 1637 1393 1686 nobilibus

93 1723 321 1790 ingeniis,
342 1742 366 1773 a
391 1723 552 1789 quibus
583 1723 835 1772 studiorum
866 1721 993 1770 causa
1021 1739 1073 1771 ea
1102 1721 1264 1769 civitas
1293 1719 1393 1766 fue-

94 1807 154 1854 rit
182 1807 497 1873 frequentata:
533 1808 728 1876 Constat,
753 1809 804 1854 T.
828 1809 996 1854 Livium
1026 1801 1292 1852 Patavinum
1326 1807 1394 1850 lu·-

80 1891 282 1957 storia-um
301 1927 316 1948 ,
338 1893 394 1954 Q
419 1892 648 1937 Horatium
670 1894 867 1938 Flaccum
883 1925 897 1947 ‚
919 1893 1105 1935 Statium
1134 1890 1393 1949 Papim'um,

97 1975 324 2021 Claudium
348 1975 628 2020 Claudianum
645 2007 659 2031 ,
681 1989 831 2036 poetas
860 1975 1053 2032 celebres,
1078 1974 1294 2019 Amzaeum
1320 1975 1395 2017 Se-

94 2075 239 2102 necam
271 2056 571 2119 philosophum
594 2092 609 2113 ,
644 2057 827 2117 aliosque
863 2057 1082 2117 infinitos,
1118 2058 1190 2117 qui
1227 2055 1394 2116 ingenio

84 2139 331 2201 firiptzsque
344 2139 444 2201 ficis
457 2142 672 2199 praelatis
691 2158 841 2186 nomen
854 2138 946 2204 fibi
960 2154 1204 2201 pepererant
1223 2142 1393 2186 immor-

95 2225 204 2281 tale,
227 2223 388 2286 saepius
417 2241 461 2268 eo
480 2222 719 2288 studiorum
753 2223 880 2283 causa
896 2219 1100 2287 ftcffffi.
