1582 2793
199 169 287 217 186
544 170 1107 218 TITILIVII

193 278 287 339 ipsa
304 276 543 341 vulgabant
575 280 778 327 morbos.
810 280 900 326 Vix
925 279 1135 326 instantes
1155 276 1466 325 sustinentibus

196 348 341 395 clades
363 361 545 411 repente
568 350 697 414 legati
716 351 902 398 Hernici
925 351 1158 408 nuntiant,
1186 350 1230 396 in
1253 367 1359 413 agro
1390 350 1469 397 suo

194 423 371 484 AEquo's
389 421 668 486 Volscosque
701 423 953 485 conjunclis
978 423 1121 486 copiis
1142 423 1277 471 castra
1299 422 1470 485 posuis-

195 495 252 542 se.
304 495 408 543 inde
444 497 643 543 exercitu
683 497 853 560 ingenti
892 497 1001 544 fines
1043 498 1146 546 suos
1188 497 1469 560 depopulari.

194 571 496 633 Pr-aeterquam
527 570 651 633 quod
679 570 939 633 infrequens
977 571 1146 618 senatus
1178 571 1348 618 indicio
1376 583 1470 617 erat

195 641 328 690 sociis
343 679 356 701 ‚
376 644 579 690 affueram
611 643 842 690 civitatem
861 643 1107 706 pestilentia
1133 643 1215 690 effe
1230 680 1243 700 ,
1263 645 1471 690 moestum

195 715 330 761 etiam
355 715 612 778 responsum
639 716 810 763 tulere:
838 734 885 762 ut
907 737 984 778 per
996 719 1045 777 fi
1071 719 1152 783 ipsi
1175 720 1355 764 Hernici
1380 737 1472 763 cum

195 790 364 834 Latinis
396 808 457 834 res
473 790 584 849 suas
606 806 844 837 tutarentur.
883 793 1037 837 Urbem
1071 794 1310 837 Romanam
1324 792 1472 851 subita

195 862 344 907 Delim
364 863 427 907 ira
444 865 583 909 morbo
592 866 803 924 populari.
836 866 886 908 Si
911 882 993 924 qua
1021 863 1109 919 ejus
1137 866 1240 908 mali
1263 866 1375 923 quies
1401 881 1473 909 ve-

196 940 320 991 niat,
352 951 399 981 ut
422 954 536 981 armo
562 954 680 993 ante,
715 953 762 982 ut
772 937 935 997 semper
960 940 1071 982 alias
1086 973 1102 992 ,
1118 936 1252 996 sociis
1276 955 1388 996 opem
1409 939 1474 981 la·-

195 1025 322 1053 turos.
356 1005 602 1054 Discessere
629 1007 767 1064 socii,
795 1023 880 1070 pro
914 1006 1025 1053 tristi
1048 1008 1212 1053 nuntio
1234 1006 1474 1053 tristiorem

195 1078 386 1125 domum
406 1077 674 1135 referentes;
705 1079 870 1142 quippe
897 1077 1059 1140 quibus
1083 1095 1161 1140 per
1188 1077 1230 1124 se
1258 1077 1475 1125 sustinen-

194 1150 303 1197 dum
322 1150 489 1196 bellum
517 1162 637 1209 erat,
670 1151 795 1213 quod
825 1151 907 1200 vix
926 1150 1144 1198 Romanis
1176 1150 1276 1196 fulti
1298 1142 1475 1198 vii-ibus

199 1221 509 1268 sustinuissent.
540 1223 650 1269 Non
671 1222 838 1268 diutius
864 1220 907 1268 se
927 1220 974 1268 in
988 1221 1187 1268 Hernico
1210 1222 1347 1270 hostis
1364 1239 1477 1269 con-

196 1294 346 1340 tinuit.
382 1294 527 1358 pergit
542 1295 645 1341 inde
660 1294 840 1342 infestus
858 1294 905 1340 in
923 1310 1058 1357 agros.
1069 1295 1326 1354 Romanos,
1345 1295 1478 1341 etiam

197 1368 289 1415 sine
316 1368 420 1414 belli
454 1369 614 1430 injuria
641 1369 853 1417 vastatos.
885 1369 976 1416 Ubi
1007 1387 1108 1416 cum
1129 1370 1294 1417 obvius
1314 1386 1475 1428 nemo,

196 1457 257 1487 ne
277 1441 457 1488 inermis
477 1442 684 1505 quidem,
710 1440 865 1500 fieret,
883 1459 1050 1505 perque
1074 1442 1226 1489 omnia
1249 1459 1342 1489 non
1363 1460 1478 1506 prae-

197 1512 317 1558 fidiis
343 1513 485 1559 modo
503 1512 672 1559 deserta
686 1550 700 1572 ,
719 1513 790 1560 sed
812 1514 945 1560 etiam
965 1513 1089 1559 cultu
1109 1513 1265 1576 agresti
1281 1549 1294 1570 ‚
1324 1513 1479 1560 tranfi-

198 1597 329 1641 rent3
365 1603 612 1648 pervenere
647 1587 702 1633 ad
740 1587 924 1634 tertium
956 1584 1145 1648 lapidem
1177 1585 1353 1633 Gabina
1386 1585 1479 1633 via.

199 1661 410 1706 Mortuus
439 1659 642 1708 AEbutius
679 1673 772 1708 erat
805 1662 1038 1707 Romanus
1076 1659 1248 1707 consul.
1304 1659 1481 1723 collega

199 1730 296 1792 ejus
324 1732 539 1780 Servilius
570 1734 730 1797 exigua
758 1734 805 1782 in
832 1733 904 1796 spe
932 1732 1129 1779 trahebat
1156 1731 1363 1778 animam.
1412 1732 1481 1779 af-

199 1805 303 1853 feffi
325 1807 524 1871 plerique
554 1809 836 1872 principum,
870 1810 1050 1855 Patrum
1070 1804 1213 1866 major
1243 1822 1371 1868 pars,
1393 1805 1481 1852 mi-

200 1879 335 1928 litaris
356 1880 447 1928 fere
467 1895 570 1929 aetas
600 1884 772 1931 omnis:
801 1894 849 1929 ut
870 1900 964 1929 non
986 1882 1127 1928 modo
1151 1880 1206 1927 ad
1225 1880 1482 1943 expeditio-

203 1969 280 1999 nes
299 1989 313 2011 ,
346 1971 451 2016 quas
479 1956 526 2001 in
554 1968 680 2002 tanto
712 1955 911 2003 tumultu
940 1971 1008 2000 res
1029 1952 1265 2016 poscebat,
1295 1952 1367 1998 sed
1398 1953 1481 1999 vix

203 2025 259 2070 ad
289 2026 460 2088 quietas
483 2027 689 2075 stationes
721 2029 894 2076 viribus
923 2027 1187 2074 sufficerent.
1224 2028 1391 2074 Munus
1411 2026 1483 2072 vi-

203 2097 409 2162 giliarum
447 2100 699 2161 senatores,
737 2104 814 2165 qui
848 2120 924 2165 per
958 2113 1130 2148 aetatem
1169 2116 1219 2146 ac
1254 2099 1482 2147 valetudi-

204 2188 308 2217 nem
328 2185 562 2234 poterant,
585 2193 665 2237 per
686 2175 725 2221 se
744 2175 822 2237 ipsi
851 2174 1063 2221 obibant:
1095 2171 1302 2218 circuitio
1322 2189 1374 2218 ac
1395 2189 1477 2218 cu-

203 2262 254 2292 ra
288 2245 482 2293 aedilium
514 2248 659 2310 plebei
695 2261 800 2295 erat.
849 2248 904 2294 ad
938 2263 1016 2293 eos
1045 2245 1214 2297 summa
1240 2262 1393 2292 rerum
1428 2263 1482 2294 ac

205 2317 405 2378 majestas
440 2322 681 2369 consularis
716 2322 889 2385 imperii
921 2332 1123 2367 venerat.

275 2400 367 2444 Vll.
396 2398 582 2446 Deserta
613 2398 764 2445 omnia
784 2435 798 2456 ,
832 2397 921 2444 sme
952 2399 1123 2460 capite,
1158 2397 1248 2444 fine
1275 2394 1485 2451 viribus,

207 2467 289 2516 Dii
308 2471 510 2534 praesides
530 2489 581 2520 ac
601 2471 781 2519 fortuna
799 2470 921 2519 urbis
941 2483 1077 2519 tutata
1095 2472 1179 2532 est,
1198 2487 1296 2537 quae
1308 2466 1485 2519 Volscis
