1582 2793
245 194 841 247 HISTORIARUM
887 196 1154 246 LIB.IIL
1310 208 1398 263 193·

100 307 172 357 'vis
201 320 376 355 coorta.
409 308 748 367 Quemcunque
772 304 906 350 lislor
936 304 1046 364 jussu
1076 305 1271 353 consulis
1299 324 1397 369 pre.

97 382 343 438 hendiffm
366 381 573 427 tribunus
595 378 713 424 mitti
738 376 936 438 jubebat.
967 395 1111 441 neque
1141 379 1267 425 suum
1302 381 1396 427 cui-

97 473 186 520 que
218 455 284 516 jus
308 454 495 500 modum
527 451 750 510 faciebat,
787 451 860 498 sed
886 450 1051 496 virium
1081 452 1152 514 spe
1175 457 1223 500 &
1256 472 1393 502 manu

98 529 395 578 obtinendum
415 539 507 574 erat
521 563 535 584 ,
553 527 680 590 quod
696 524 965 572 intenderes.
986 526 1392 585 Quemadmodum

96 602 141 649 se
169 600 336 650 tribuni
363 600 581 665 gessissent
603 599 651 647 in
686 599 978 664 prohibendo
1007 599 1210 657 delectu,
1240 601 1296 648 fic
1317 604 1396 649 Pa-

96 689 190 723 tres
218 674 266 722 in
297 675 424 739 lege,
454 690 555 736 quae
589 689 670 737 per
691 688 851 720 omnes
882 671 1132 720 comitiales
1160 673 1253 719 (lies
1278 674 1396 721 fere-

98 750 263 807 batur,
298 747 580 810 impedienda
624 747 853 812 gerebant.
898 747 1082 795 Initium
1125 760 1218 794 erat
1252 748 1395 807 rixae,

99 838 201 870 cum
229 821 452 869 discedere
470 820 691 884 populum
712 819 926 882 jussissent
945 821 1114 869 tribuni
1132 857 1146 880 ,
1167 823 1293 886 quod
1316 823 1398 868 Pa-

94 911 187 943 tres
223 894 263 942 se
300 895 563 942 submoveri
595 895 714 942 haud
746 895 960 943 sinebant.
1005 912 1087 942 nce
1119 895 1210 942 fere
1243 895 1398 942 senio·-

97 985 170 1015 res
190 966 253 1015 rei
282 968 552 1023 intererant;
573 968 742 1030 quippe
772 984 872 1031 quae
894 983 990 1013 non
1022 968 1215 1015 consilio
1240 984 1397 1032 regen·

99 1039 155 1088 da
174 1077 188 1098 ‚
217 1039 290 1088 sed
316 1039 519 1104 permissa
548 1039 788 1086 temeritati
819 1040 1104 1103 audaciaeque
1127 1041 1246 1088 effer.
1274 1040 1398 1086 Mul-

98 1125 197 1161 tum
222 1111 283 1162 ἵξι-
315 1112 519 1160 consules
550 1111 590 1159 se
622 1112 934 1171 abstinebant,
969 1129 1024 1159 ne
1061 1112 1133 1160 cui
1168 1114 1215 1161 in
1249 1114 1398 1161 collu-

99 1177 256 1233 vione
279 1202 428 1232 rerum
463 1183 736 1247 majestatem
774 1183 895 1230 suam
929 1186 1219 1233 contumeliae
1254 1187 1397 1234 offer·—

101 1270 216 1307 rent.
255 1258 386 1305 Caeso
417 1271 508 1304 erat
528 1259 768 1318 Quinffius
784 1294 797 1316 ,
819 1257 950 1304 ferox
969 1257 1151 1320 juvenis
1170 1296 1184 1316 ,
1203 1276 1290 1323 qua
1309 1275 1397 1307 noa·

101 1333 275 1382 bilitate
307 1333 480 1397 gentis,
517 1349 604 1396 qua
636 1333 848 1395 corporis
871 1333 1179 1396 magnitudine
1203 1335 1253 1380 ὅ(
1284 1334 1396 1381 viri·

101 1407 200 1456 bus.
246 1407 300 1454 ad
331 1424 381 1453 ea
411 1422 623 1465 munera,
655 1406 755 1452 data
790 1423 813 1452 a
848 1405 982 1463 Diis,
1012 1407 1060 1453 &
1092 1405 1182 1468 ipse
1214 1406 1395 1452 addide-

98 1494 170 1528 rat
197 1479 337 1527 multa
373 1479 478 1525 belli
511 1479 705 1535 decora,
730 1477 1077 1541 facundiamque
1102 1479 1147 1524 in
1179 1478 1311 1536 for0;
1342 1490 1395 1527 ut

98 1570 270 1612 nemo,
305 1569 400 1600 non
435 1552 617 1616 lingua,
653 1568 749 1598 non
788 1569 951 1609 manu,
983 1552 1210 1614 promtior
1247 1552 1292 1598 in
1325 1553 1394 1600 ci·

101 1626 244 1674 vitate
263 1626 513 1672 haberetur.
551 1624 636 1671 Hic
653 1657 667 1682 ‚
688 1641 790 1671 cum
811 1625 856 1670 in
878 1626 1030 1672 medio
1049 1627 1230 1672 Parrum
1255 1626 1394 1691 agmi-

103 1717 162 1748 ne
189 1699 485 1757 constitisset,
519 1700 721 1745 (minens
753 1699 870 1744 inte-r
898 1699 1041 1757 alios,
1076 1701 1206 1746 velut
1234 1717 1395 1749 omnes

103 1775 342 1822 dictaturas
368 1771 714 1836 consulatusque
741 1788 896 1835 gerens
927 1772 972 1818 in
996 1788 1115 1819 voce
1144 1790 1194 1819 ac
1221 1773 1394 1820 viribus

103 1846 221 1905 suis,
248 1864 363 1894 unus
394 1846 584 1909 impetus
621 1844 889 1892 tribunicios
920 1846 1248 1909 popularesque
1280 1864 1393 1910 pro-

98 1919 232 1967 cellas
265 1919 512 1966 sustinebat.
547 1919 650 1965 Hoc
679 1920 821 1975 duce,
848 1917 962 1980 saepe
987 1919 1096 1981 pulsi
1127 1918 1230 1966 foro
1249 1920 1393 1968 tribu·

102 1991 177 2051 ni,
194 1991 284 2039 fusa
301 2009 351 2038 ac
368 1990 513 2054 fugata
534 1990 660 2054 plebs
681 1990 756 2038 est.
793 1990 872 2053 qui
893 1987 1058 2037 obvius
1086 1989 1253 2052 fuerat,
1275 1993 1391 2040 rnul⁴

104 2081 232 2126 catus
258 2065 536 2129 nudatusque
571 2066 749 2113 abibat:
782 2080 832 2114 ut
865 2065 962 2112 satis
990 2079 1250 2129 appareret,
1277 2067 1307 2113 fi
1330 2067 1391 2115 sic

105 2137 178 2203 agi
208 2137 392 2195 liceret,
423 2138 583 2184 viciam
623 2138 764 2203 legem
797 2139 896 2186 effe.
936 2139 1089 2197 Tum,
1123 2157 1265 2202 prope
1299 2138 1393 2201 jam

104 2211 316 2275 perculsis
346 2211 441 2258 aliis
472 2211 693 2269 tribunis,
730 2215 783 2258 A.
806 2210 1067 2275 Virginius,
1098 2228 1154 2258 ex
1188 2212 1390 2276 collegio

101 2299 249 2340 unus,
277 2283 458 2330 Caeloni
485 2283 641 2346 capitis
680 2284 795 2330 diem
830 2283 953 2331 dicit.
987 2300 1118 2330 atrox
1155 2284 1390 2347 ingenium

103 2356 369 2403 accenderat
396 2373 452 2402 eo
478 2356 594 2404 facto
612 2357 776 2421 magis,
802 2375 936 2422 quam
960 2370 1298 2405 conterruerat:
1327 2372 1387 2404 eo

101 2429 249 2477 acrius
280 2429 455 2477 obstare
489 2431 604 2495 legi,
631 2431 792 2496 agitare
826 2431 1001 2495 plebem
1023 2468 1037 2489 ,
1069 2432 1278 2478 tribunos
1304 2447 1386 2478 ve·

101 2501 168 2556 lut
195 2501 309 2562 justo
329 2504 528 2567 persequi
548 2505 686 2556 bello.
707 2506 956 2557 Accusator
974 2504 1066 2570 pati
1087 2522 1212 2552 reum
1230 2520 1384 2565 ruere,

171 2578 220 2625 T.
237 2580 330 2627 Lir.
364 2583 460 2626 Vol.
478 2581 513 2626 I.
1045 2578 1088 2625 N
