1680 2803
289 211 401 247 xm
670 200 1258 246 TITILIVII

371 309 431 354 At
464 323 515 354 ea
555 322 741 371 quoque
772 307 991 355 memoria
1024 307 1188 371 periit,
1219 304 1438 370 Pignorio
1471 306 1584 356 teste‘

287 388 374 437 suis
397 389 444 436 in
462 389 736 454 ‘Originibus
766 390 1020 449 Patavinis,
1041 407 1097 437 ex
1118 389 1304 453 epistola
1319 426 1333 450 ,
1354 407 1489 454 quam
1511 392 1584 438 Jo„
1654 404 1657 406 ·

287 473 558 520 Vincentius
582 489 606 519 a
632 473 771 520 Porta
794 472 965 535 scripfit
991 474 1057 520 D.·
1076 473 1327 522 Peireschio
1340 508 1355 533 ,
1377 472 1581 521 Senator}

285 556 424 620 Regis
455 555 645 614 Galliae,
666 572 788 602 anno
816 568 1052 605 C1313C11.

377 695 515 740 Anno
549 710 666 741 vero
703 707 1017 743 CIDIDXLVIH
1057 692 1150 741 offa
1191 694 1345 741 eadem
1376 694 1588 744 translata

286 777 410 824 fuere
438 777 486 822 in
523 776 871 824 eminentiorem
905 777 1061 825 locum
1099 776 1294 839 ejusdem
1326 777 1591 830 occidenta-

286 860 341 906 lis
372 859 509 923 partis
543 860 752 906 Praetorii
789 859 966 918 nostri,
1000 859 1079 906 ubi
1116 876 1239 906 nunc
1273 858 1492 922 speEtatur
1524 862 1584 908 T.

286 943 408 990 Livii
439 941 752 1002 Mausoleum,
782 941 1075 990 nobilitatum
1110 941 1283 988 tabellis
1319 943 1483 1001 aeneis,
1513 942 1587 989 in-

285 1024 637 1088 scriptionibus,
667 1028 716 1074 &
752 1025 1045 1073 vetustissima
1078 1025 1212 1087 ipsius
1246 1024 1441 1089 imagine
1463 1042 1589 1071 maae-

285 1125 472 1167 morea,
501 1125 634 1172 quam
661 1109 716 1155 ab
745 1108 1006 1156 Alexandro
1039 1107 1271 1166 Bassiano,
1303 1108 1584 1175 antiquitatis
1646 1090 1651 1094 .

285 1191 625 1255 praeclariffimo
659 1191 863 1251 cultore,
899 1191 1130 1238 inventam
1163 1190 1326 1238 civitas
1353 1191 1479 1238 dono
1512 1207 1587 1238 ac·

287 1275 423 1338 cepit.
456 1275 549 1322 Sub
577 1273 652 1320 illa
673 1274 866 1338 imagine
897 1290 1096 1322 marmor
1126 1273 1172 1320 id
1202 1273 1437 1337 aspicitur,
1458 1272 1588 1337 quod

287 1358 401 1406 olim
434 1356 640 1405 effossum
671 1357 816 1406 fuerat
852 1357 901 1404 in
937 1359 1001 1405 D.
1034 1356 1212 1405 Justinae
1256 1356 1429 1420 templo
1450 1389 1466 1413 ,
1492 1356 1588 1409 ibi-ss

287 1458 378 1505 que
414 1441 537 1500 loci,
567 1441 646 1488 ubi
679 1441 771 1488 offa
803 1439 896 1504 ipsa
928 1440 1220 1504 postmodum
1255 1451 1431 1503 reperta
1456 1438 1589 1500 sunt,

284 1524 345 1572 V,
377 1526 423 1572 F.
457 1525 513 1571 T.
545 1525 739 1573 LIVIUS
759 1560 773 1584 ,
800 1525 895 1572 &c.
925 1535 938 1556 ¹
956 1560 970 1583 ,
994 1540 1155 1586 nempe
1178 1540 1202 1570 a
1230 1523 1363 1569 nobis
1385 1522 1491 1569 alibi
1522 1521 1591 1569 est

286 1607 574 1671 produEhlm.
599 1609 851 1656 Dexteram
876 1607 1020 1654 Musei
1045 1618 1218 1670 partem
1246 1605 1422 1652 obtinet
1437 1609 1587 1652 AEter-

285 1695 435 1738 nitatis
461 1692 627 1739 statua:
659 1691 820 1739 Iaevam
847 1694 1062 1737 Minervae.
1092 1688 1185 1735 Sub
1207 1687 1487 1735 AEternitatis
1506 1703 1585 1751 pe-

286 1775 416 1822 dibus
454 1777 607 1836 Tybris
638 1774 866 1832 excurrit,
891 1773 971 1820 sub
1001 1773 1227 1819 Minervae
1261 1774 1513 1829 Μεᾶοαειις,
1533 1771 1585 1818 &

286 1857 373 1905 hos
394 1858 513 1905 inter
541 1874 718 1917 amnes,
737 1857 783 1903 in
811 1855 1064 1903 meditullio
1086 1854 1252 1912 Musei,
1272 1853 1488 1917 spectatur
1510 1851 1585 1899 Iu—

286 1958 343 2004 pa
361 1976 376 2001 ,
403 1940 654 1988 Romulum
680 1941 730 1988 &
761 1941 954 1986 Remum
989 1938 1047 1985 fic
1083 1937 1319 1985 ablactans.

354 2065 539 2130 Legitur
566 2068 747 2114 demum
780 2066 857 2113 sub
880 2068 951 2115 his
977 2067 1189 2113 omnibus
1216 2067 1262 2112 in
1288 2081 1409 2111 aenea
1437 2062 1587 2111 tabula

286 2148 375 2195 tale
416 2148 718 2198 hexastichon
762 2151 915 2197 Lazari
965 2150 1201 2198 Bonamici
1218 2184 1232 2208 ,
1267 2144 1588 2212 praeclarissimi

293 2241 409 2279 vans
430 2249 444 2278 :

347 2404 363 2430 1
389 2390 635 2432 Delineatuin
659 2391 816 2432 exhibet
832 2393 910 2432 To.
972 2405 1042 2444 105
1075 2405 1163 2430 cum
1199 2389 1353 2431 Sertorii
1376 2388 1498 2429 Ursati
1524 2388 1586 2426 ini

289 2445 453 2485 masmus
486 2458 653 2485 marmor
688 2447 786 2485 istud
821 2459 911 2486 cum
965 2447 1240 2499 terpretationc
1256 2446 1446 2500 integram
1461 2442 1581 2494 legas,

289 2499 567 2553 inscriptione,
595 2513 713 2554 quam
741 2500 841 2541 infra
871 2514 908 2552 p.
