1582 2793
258 196 1167 244 HISTOR1ARNMtstBAH.
1295 198 1373 262 185

102 316 220 368 quot
254 302 557 368 pugnaverint
596 302 929 360 ceciderintve,
966 306 1123 351 exac'to
1165 306 1384 354 affirmare

103 396 307 427 numero.
355 379 486 426 audet
531 390 679 426 tamen
718 378 873 425 Antias
910 378 1110 426 Valerius
1143 381 1385 444 concipere

103 454 316 500 summas:
336 454 570 500 Romanos
601 453 803 500 cecidisse
841 453 885 499 in
904 453 1104 499 Hernico
1122 472 1229 517 agro
1250 456 1386 517 quin-

103 543 192 590 que
219 526 359 573 millia
392 543 442 574 ac
475 538 727 573 trecentos:
766 544 820 573 ex
851 526 1179 590 praedatoribus
1211 530 1386 590 AEquo-

103 616 233 656 rum,
270 599 348 663 qui
387 599 700 662 populabundi
732 599 777 644 in
810 597 973 646 finibus
1003 599 1222 646 Romanis
1251 617 1388 663 vaga-

104 672 269 719 bantur
285 708 298 729 ,
331 671 386 718 ab
407 674 457 717 A.
480 671 710 718 Postumio
741 671 922 719 consule
942 673 1035 719 duo
1063 671 1201 718 millia
1220 675 1268 720 ὃς
1284 691 1388 735 qua·

104 744 369 807 dringentos
390 743 551 792 caesos:
585 757 776 791 ceteram
808 744 1140 792 multitudinem
1158 782 1172 804 ‚
1191 748 1389 808 praeclam

106 831 311 880 agentem
328 853 341 874 ,
362 833 462 880 quae
489 817 698 864 inciderit
727 818 771 863 in
792 817 1081 878 Quiuffium,
1109 834 1390 881 nequaquam

106 890 203 952 pari
233 889 486 937 defunetam
515 891 599 937 effe
628 891 763 938 caede.
809 890 1038 939 interfecita
1066 892 1169 938 inde
1191 903 1390 956 quatuor

107 963 278 1023 millia,
314 966 394 1023 &,
426 963 711 1027 exsequendo
747 963 970 1011 subtiliter
1001 983 1235 1012 numerum
1257 1002 1270 1023 ‚
1307 967 1392 1013 ‹lu-

106 1053 266 1083 centos
281 1073 294 1094 ‚
315 1037 375 1084 ait
389 1073 402 1094 ,
435 1038 483 1084 &
504 1037 701 1101 triginta.
741 1039 803 1084 Ut
824 1038 1016 1084 Romam
1037 1039 1229 1085 reditum
1250 1041 1300 1086 &
1318 1038 1389 1101 ju·-

108 1109 272 1156 stitium
303 1109 524 1156 remissum
551 1109 612 1155 est
632 1145 645 1167 ,
677 1110 844 1156 coelum
866 1109 1012 1155 visum
1034 1109 1095 1155 est
1114 1110 1267 1156 ardere
1290 1110 1391 1171 plu-

107 1181 228 1228 rimo
257 1181 380 1244 igni;
413 1193 714 1244 portentaque
739 1181 823 1227 alia
847 1193 921 1227 aut
949 1180 1183 1228 obversata
1213 1182 1358 1229 oculis
1377 1219 1392 1240 ,

110 1268 188 1302 aut
210 1271 347 1302 vanas
374 1255 596 1301 exterritis
625 1254 905 1303 ostentavere
938 1253 1118 1316 species».
1149 1253 1229 1300 His
1257 1271 1392 1300 aver-

109 1329 255 1374 tendis
273 1328 521 1375 terroribus
544 1329 589 1374 in
612 1328 809 1375 triduum
831 1327 951 1374 feriae
969 1327 1169 1385 india-e,
1190 1344 1268 1390 per
1286 1344 1390 1391 quas

111 1403 266 1449 omnia
299 1402 480 1449 delubra
509 1419 666 1466 pacem
695 1402 849 1449 Deum
882 1400 1226 1464 exposcentium
1263 1401 1394 1447 viro-

111 1493 208 1522 rum
228 1476 558 1540 mulierumque
577 1477 706 1522 turba
729 1475 1045 1540 implebantur.
1078 1475 1305 1522 Cohortes
1326 1474 1393 1520 in-

112 1548 166 1594 de
184 1549 351 1594 Latinae
372 1549 673 1613 Hernicaeque
702 1550 757 1596 ab
789 1548 966 1606 senatu,
992 1548 1142 1612 gratiis
1167 1549 1228 1595 ob
1261 1549 1395 1611 impi-

112 1639 233 1685 gram
261 1623 466 1669 militiam
496 1624 600 1670 attis
619 1660 632 1681 ,
660 1623 845 1671 remiffae
862 1623 1039 1670 domos.
1069 1623 1268 1670 Antiates
1289 1623 1394 1669 mil-

111 1694 155 1740 le
178 1694 341 1740 milites
360 1730 374 1752 ‚
403 1695 508 1757 quia
538 1694 681 1741 serum
706 1694 921 1742 auxilium
953 1694 1054 1757 post
1079 1694 1294 1758 proelium
1317 1710 1396 1743 ve·

114 1780 274 1815 nerant
289 1804 304 1827 ‚
334 1784 478 1831 prope
499 1785 601 1815 cum
624 1768 873 1832 ignominia
897 1768 1071 1816 dimiffi.

181 1843 256 1888 VI.
282 1842 483 1888 Comitia
502 1842 605 1888 inde
632 1842 792 1888 habita.
820 1843 956 1888 creati
975 1842 1180 1890 consules
1197 1844 1399 1891 L.AEbu-

116 1913 204 1961 tius
219 1950 233 1972 ‚
260 1916 306 1962 P.
324 1915 542 1963 Servilius
557 1915 770 1962 Kalendis
788 1916 1028 1964 Sextilibus
1042 1953 1057 1974 ,
1078 1930 1130 1963 ut
1147 1929 1255 1964 tunc
1276 1918 1399 1980 prin-

116 1987 284 2050 cipium
315 1988 421 2037 anni
455 1989 694 2052 agebatur,
723 1989 1005 2036 consulatum
1039 1991 1209 2037 ineunt.
1245 1993 1400 2038 Grave

117 2073 294 2122 tempus
315 2063 364 2109 &
390 2060 508 2108 forte
538 2064 679 2109 annus
702 2062 906 2125 pestilens
927 2075 1019 2110 erat
1039 2063 1142 2110 urbi
1172 2063 1401 2128 agrisque,

117 2148 202 2178 nec
219 2131 480 2179 hominibus
498 2134 635 2196 magis
650 2169 662 2190 ,
692 2151 825 2197 quam
847 2135 1000 2196 pecori
1016 2153 1029 2191 3
1054 2137 1102 2183 &
1122 2151 1285 2181 auxere
1303 2135 1400 2181 vim

117 2203 296 2262 morbi,
321 2216 492 2252 terrore
520 2206 835 2269 populationis
864 2208 1106 2269 pecoribus
1139 2206 1401 2271 agrestibus-

117 2293 209 2339 que
228 2277 274 2323 in
297 2279 452 2326 urbem
471 2280 680 2343 acceptis,
713 2282 774 2327 Ea
795 2281 1002 2331 colluvio
1027 2282 1277 2328 mixtorum
1298 2297 1400 2327 om-

120 2351 190 2397 nis
219 2353 390 2414 generis
414 2355 708 2401 animantium
727 2357 777 2402 ὃς
795 2360 938 2402 odore
963 2354 1149 2402 insolito
1180 2354 1401 2411 urbanos,

122 2427 172 2472 &
200 2425 410 2488 agrestem
427 2464 440 2486 ‚
474 2427 731 2476 confertum
763 2429 811 2477 in
836 2443 931 2476 arta
956 2430 1095 2486 teitu,
1126 2428 1228 2473 aessu
1253 2444 1302 2474 ac
1334 2426 1402 2472 vi-

120 2497 237 2562 giliis
265 2501 480 2564 angebat,
505 2502 836 2568 ministeriaque
868 2503 1068 2551 invicem
1097 2519 1146 2550 ae
1186 2501 1401 2565 contagio
