1680 2803
251 197 321 237 xL
621 188 1204 237 TITILIVII

605 350 1042 409 CAPUT
1126 349 1204 409 X.

248 485 306 537 Ἠ
313 497 345 532 O
355 499 398 534 N
410 500 442 534 0
452 498 485 534 R
497 498 567 534 Es
612 487 774 533 obitum
806 486 1008 548 constanti
1021 520 1035 543 ‚
1063 484 1323 547 ejusdemque
1347 487 1550 534 memori&

664 582 806 648 posita
841 598 1125 630 monumenta.

248 684 297 760 S
319 725 432 761 010
474 727 806 772 monumenta,
840 712 897 762 T.
926 712 1063 762 Livio
1096 710 1271 776 posita,
1304 709 1490 759 colleEia
1523 727 1551 758 a

247 796 428 855 multis,
449 813 503 844 ne
532 796 648 844 tanti
673 796 762 845 viri
791 796 1013 844 memoria
1034 794 1135 843 ullis
1161 811 1363 859 unquam
1390 793 1552 842 seculis

247 879 467 928 interiret.
520 877 754 944 Congeffit
794 878 872 926 illa
905 878 1205 927 Scardeonius
1242 878 1290 924 in
1325 877 1550 925 volumen

246 961 408 1019 suum;
447 961 656 1026 idemque
684 961 778 1026 pari
806 962 974 1026 genio,
995 960 1192 1009 feliciori
1215 960 1414 1018 calamo,
1434 976 1551 1023 prae-

246 1045 356 1092 stitit
381 1044 641 1093 franciscus
666 1045 877 1093 Swertius
907 1044 955 1091 in
989 1043 1182 1093 Deliciis
1203 1044 1343 1091 orbis.
1375 1044 1551 1090 Verum

247 1128 490 1176 enimvero
507 1164 522 1188 ,
542 1139 593 1175 ut
614 1128 689 1176 hic
713 1144 876 1175 eorum
896 1127 1037 1176 multa
1062 1127 1282 1192 praeteriit
1296 1164 1311 1185 ,
1341 1124 1401 1172 fic
1430 1123 1550 1189 apud

247 1210 377 1259 illum
410 1229 512 1276 quae
547 1210 752 1270 exstant,
780 1209 968 1259 confuse
1002 1210 1118 1258 adeo
1146 1210 1193 1258 in
1226 1209 1397 1259 vastam
1426 1208 1551 1257 illam

248 1294 575 1342 memoriarum
617 1295 789 1342 molem
826 1293 992 1358 ingesta
1025 1292 1157 1354 sunt,
1183 1305 1235 1341 ut
1267 1292 1315 1340 in
1349 1293 1551 1358 quodam

249 1378 367 1426 chao
403 1376 549 1440 jacere
585 1376 830 1425 miserrime
858 1376 1114 1426 videantur.
1163 1375 1386 1425 Nostrum
1415 1375 1554 1442 igitur

248 1459 413 1519 fuerit,
439 1461 485 1507 id
512 1461 719 1525 praestare
734 1496 750 1518 ‚
777 1473 828 1507 ut
852 1460 1004 1509 eadem
1021 1496 1034 1519 ,
1051 1462 1103 1508 &
1129 1459 1162 1507 fi
1188 1477 1291 1526 quae
1319 1458 1420 1506 sunt
1437 1458 1554 1519 alia,

248 1543 398 1591 lucem
428 1544 618 1591 habeant
647 1543 908 1603 meliorem,
927 1542 1205 1607 disjeffisque
1240 1541 1436 1590 nubibus
1459 1541 1553 1590 cla·

248 1625 342 1673 rius
381 1626 563 1674 micent.
610 1627 880 1675 Praeclarum
913 1628 964 1675 &
999 1626 1168 1676 illustre
1203 1626 1260 1675 T.
1289 1625 1412 1673 Livii
1446 1640 1553 1673 mo-

248 1723 516 1758 numentum
539 1709 650 1756 illud
670 1709 732 1757 est
753 1709 957 1772 inprimis
976 1745 989 1767 ‚
1009 1710 1137 1774 quod
1167 1708 1213 1758 in
1238 1707 1446 1756 interiori
1471 1724 1555 1756 oc-

249 1791 460 1840 cidentali
499 1806 624 1857 parte
656 1792 864 1840 Praetorii
895 1792 1038 1840 nostri
1073 1791 1187 1855 saepe
1215 1808 1266 1839 ac
1295 1791 1454 1855 saepius
1487 1791 1555 1838 le-

249 1874 428 1940 gimus‘,
465 1893 563 1924 non
599 1875 690 1926 fine
720 1875 848 1924 sensu
880 1876 1040 1941 aliquo
1073 1874 1340 1939 voluptatis.
1389 1874 1564 1938 Liquet*-

249 1970 400 2005 autem
423 1976 480 2005 ex
506 1976 563 2006 eo
579 1995 592 2018 ,
623 1958 987 2022 sapientifiimum
1011 1958 1295 2022 Alphonsum
1310 1994 1326 2017 ,
1348 1961 1553 2023 Arrago-

249 2040 338 2086 niae
370 2058 548 2105 regem,
568 2059 690 2089 anno
726 2057 1026 2092 Cloccccu.
1056 2059 1135 2106 per
1163 2042 1337 2107 legatos
1367 2040 1471 2088 suos
1498 2055 1554 2088 os

248 2122 420 2171 brachii
451 2125 508 2170 T.
537 2125 688 2185 Livii,
709 2126 836 2190 quod
863 2127 1077 2189 praeclara
1106 2125 1181 2173 illa
1210 2123 1554 2171 Commentaria

251 2205 594 2270 conscripserit,
619 2225 645 2255 a
673 2208 924 2272 Republica
953 2209 1168 2257 Patavina
1199 2206 1479 2270 impetrasse,
1503 2216 1555 2254 ut

251 2289 526 2352 Neapolim,
558 2290 753 2340 honoris
786 2292 954 2356 gratia,
979 2291 1245 2342 deferretur.
1289 2288 1442 2339 Verba
1472 2289 1553 2339 dea

252 2369 390 2438 nique
420 2372 479 2425 fic
511 2373 632 2424 iuius
662 2375 861 2426 habent:
