1680 2803
252 133 347 169 vm
623 121 1218 167 TITILIVII

246 229 404 276 Pauus
426 238 519 274 erat
540 228 733 276 omnino
757 230 812 276 ad
839 228 1008 289 studia,
1030 230 1299 295 laboresque
1322 230 1565 293 ferendosg

247 328 366 376 quos
395 309 543 359 secum
577 311 653 358 illa
676 324 902 374 perpetuo
935 313 1156 372 trahunt,
1180 314 1426 362 excellenti
1452 333 1566 380 qua-

248 394 354 442 dam
393 393 534 442 animi
576 394 885 458 magnitudine
919 396 1173 458 praeditus,
1208 400 1255 445 &
1285 399 1340 445 ad
1376 397 1567 446 summas

251 494 322 527 res
343 479 534 542 agendas
560 477 733 542 semper
753 478 941 526 intenta.
983 480 1300 539 Quamcbrem
1321 499 1342 527 a
1372 482 1569 544 parenti·-

251 562 338 610 bus
369 562 416 608 in
439 561 681 608 literariam
705 561 952 625 palaestram
984 561 1166 620 missus,
1190 566 1367 629 egregia
1397 566 1470 611 sua
1500 564 1571 611 in-

251 646 358 694 dole
373 682 386 703 ‚
407 644 594 709 ingenio
626 644 870 708 perspicaci
889 682 905 703 ,
925 645 1047 693 vasta
1065 647 1285 694 memoria
1303 684 1317 706 ‚
1336 648 1491 712 primis
1519 646 1568 694 in

251 729 424 778 artibus
442 728 556 776 mire
574 727 789 792 profecit.
812 730 928 776 Mox
949 729 1260 794 Philosophia:
1283 747 1424 793 opera
1447 748 1567 792 prae-

251 812 380 871 stita,
405 825 576 860 naturae
599 811 740 859 totius
762 829 923 860 arcana
950 813 1167 861 exhausit,
1204 814 1312 860 Inde
1333 813 1563 876 Jurispru-

249 896 419 945 dentiae
452 898 502 944 &
532 895 740 943 Politicae
770 895 813 942 se
837 907 990 942 totum
1025 897 1230 955 addixit,
1264 908 1315 944 ut
1351 908 1569 944 ornatum

254 981 507 1031 verborum
528 981 579 1027 &
598 978 778 1043 copiam
792 1015 806 1038 ‚
829 990 1002 1026 naturae
1021 979 1220 1038 donum,
1246 980 1571 1027 sententiarum

258 1063 542 1131 ponderibus
562 1074 759 1127 augeret.
797 1063 870 1108 Ad
891 1063 989 1110 haec
1015 1063 1199 1110 eximias
1219 1063 1361 1111 animi
1392 1063 1456 1109 sui
1482 1064 1571 1111 do-

259 1161 353 1207 tes,
377 1145 721 1212 praeclariffimis
750 1162 774 1193 e
803 1147 1029 1194 natalibus
1057 1147 1284 1194 uberrime
1312 1147 1573 1205 derivatas,

258 1232 438 1282 summo
466 1229 616 1277 studio
644 1229 831 1294 jugique
851 1230 1008 1278 labore
1031 1230 1175 1294 coepit
1203 1231 1418 1278 excolere
1438 1267 1453 1289 ‚
1472 1246 1569 1294 quo

258 1315 407 1382 posset
435 1313 606 1379 ubique
633 1326 854 1362 terrarum
883 1315 935 1361 ὅ(
954 1314 1160 1377 gentium
1190 1315 1352 1363 ceteris
1373 1313 1568 1362 elucere.

261 1399 495 1447 Varietate
525 1397 711 1461 quidem
741 1396 1061 1445 sententiarum
1093 1399 1143 1445 ὃ(
1170 1397 1470 1456 idiomatum,
1496 1397 1573 1443 in-

263 1482 468 1547 fignique
498 1480 718 1529 sermonis
743 1482 793 1529 &
814 1481 1036 1528 orationis
1067 1480 1338 1544 supelleftile
1359 1480 1461 1528 satis
1480 1478 1573 1542 jam

264 1565 504 1616 instrufihls
542 1564 669 1612 domi
691 1600 704 1623 ‚
738 1563 956 1613 secretum
985 1565 1124 1612 larem
1159 1563 1372 1628 pertaesus
1405 1565 1455 1613 &
1489 1581 1574 1627 pa·-

268 1650 433 1707 triam‚
460 1649 549 1696 alio
580 1660 778 1696 vocatus
811 1648 873 1694 est
903 1666 915 1695 :
950 1650 999 1696 &
1030 1647 1238 1712 inprimis
1267 1648 1490 1704 Romam,
1522 1657 1575 1693 ut

269 1747 328 1780 eo
357 1733 401 1779 {n
437 1732 612 1779 theatro
636 1731 835 1780 univerfi
857 1731 980 1778 orbis
1011 1731 1276 1795 praestantiae
1303 1731 1394 1781 suae
1419 1729 1576 1779 radios

272 1815 575 1880 undequaque
602 1814 905 1875 diffunderet,
927 1815 1190 1880 explicaret.

609 1970 1057 2030 CAPUT
1138 1971 1237 2027 ΙΙ.

323 2110 369 2156 A
378 2121 404 2154 C
416 2121 442 2154 C
454 2120 484 2152 E
491 2121 518 2152 S
532 2119 559 2152 S
572 2119 608 2153 U
616 2119 643 2152 S
666 2105 847 2165 ejufiz'cm
872 2106 1055 2150 Romam
1074 2102 1116 2150 δ’
1138 2121 1197 2150 res
1220 2105 1278 2148 ibi
1295 2104 1376 2149 loci
1393 2102 1523 2169 gcst'ce,

278 2231 516 2307 ROMAM
547 2258 684 2323 igitur
706 2257 913 2316 acceffit,
943 2256 1134 2305 Patavio
1165 2255 1350 2314 relifio,
1381 2255 1570 2313 Livius,

281 2360 420 2391 aureo
454 2343 636 2407 vigente
673 2341 824 2390 seculo
854 2340 1039 2404 Augusti
1074 2338 1257 2386 Caesaris
1278 2375 1291 2398 ‚
1322 2339 1398 2402 qui
1434 2339 1578 2385 totius

283 2437 505 2477 terrarum
532 2426 656 2475 orbis
676 2425 872 2474 habenas
900 2424 1220 2472 moderabatur
1246 2439 1387 2481 unus,
1408 2419 1578 2486 pacatis
