1680 2803
546 213 590 256 V
640 211 665 255 1
718 209 857 255 TA.
1262 210 1366 249 ΧΠ

226 392 311 461 Τ.
399 386 896 459 LIVIUS
984 384 1061 453 C.
1139 385 1206 454 F.

137 566 281 611 Natus
302 578 397 609 ante
416 564 565 608 bellum
584 563 702 608 civile
721 559 892 621 Caesizris
909 556 952 606 δ’
967 557 1167 619 Pompey'i
1175 592 1189 613 ,
1207 559 1370 620 Quinc-2

73 650 228 695 tiliano
246 648 334 714 teste
345 683 361 705 ,
382 649 428 691 in
448 647 616 713 historia
634 646 793 690 nemini
807 643 1036 704 ficunduS.
1058 643 1271 688 Cornelius
1287 644 1371 686 Ta·

77 736 182 778 citus
198 766 212 788 ‚
237 732 470 792 eloquentiae
503 747 552 774 ac
567 729 674 788 fidei
695 729 861 787 primas
884 727 920 772 ei
950 727 1154 772 attribuit.
1190 724 1372 771 Auc‘lore

75 818 230 861 Seneca
260 816 423 870 docuit,
442 811 689 877 Sallustium
702 810 850 871 sumta
873 829 926 856 ex
955 811 1203 871 Thucydide
1224 810 1376 869 depra-

79 895 202 963 vaffi.
245 900 299 943 In
332 897 492 942 ultimis
522 896 638 940 terris
672 909 831 954 quanta
863 893 988 950 liujus
1014 896 1095 939 viri
1119 891 1252 951 fama
1275 891 1376 951 fue-

81 982 166 1038 rit,
190 982 257 1026 D.
285 982 575 1040 Hieronymus
603 995 657 1023 ex
681 978 829 1022 Plinio
851 978 1036 1043 ostendit.
1076 976 1173 1038 Ipso
1203 978 1380 1023 hortan-

83 1079 147 1121 te,
178 1064 383 1109 Claudius
418 1064 656 1129 Imperator«
682 1062 918 1122 adolcfiens
944 1060 1117 1127 firipsit
1150 1061 1378 1120 historiam.

85 1148 302 1192 Amicitiae
328 1145 533 1211 Augusti,
552 1133 955 1206 licet'Pompejanus
971 1180 984 1204 ‚
1004 1163 1090 1190 non
1111 1142 1246 1208 officit
1261 1179 1274 1202 ‚
1295 1146 1382 1191 mi-

87 1231 216 1287 litia,
243 1233 471 1290 civiumque
501 1230 723 1275 concordia
750 1229 927 1294 instgnis
943 1264 956 1287 ‚
978 1226 1020 1275 δ’
1050 1229 1194 1274 auc‘lus
1207 1229 1311 1288 filia
1332 1229 1386 1276 L.

89 1314 245 1375 Magio
284 1315 460 1360 Oratori
491 1315 692 1358 Romano
725 1328 872 1373 nupta.
921 1314 1203 1373 Epitaphium
1221 1312 1311 1377 fibi
1343 1309 1387 1358 G*

80 1397 180 1458 suis
212 1399 405 1443 omnibus
431 1399 608 1445 Patavii
632 1398 687 1443 V.
713 1398 762 1443 F.
784 1397 857 1442 ubi
880 1394 1041 1458 excqffit
1072 1413 1187 1441 anno
1214 1397 1288 1441 IV
1303 1397 1388 1440 im-

85 1483 196 1542 perii
214 1482 365 1527 Tiberii
396 1481 570 1542 Caesaris
585 1516 599 1539 ,
617 1482 753 1526 aetatis
773 1481 1000 1526 LXXVI.
1029 1481 1142 1539 quod
1160 1475 1202 1524 δ’
1216 1481 1392 1540 propria

94 1564 248 1628 ffgies
279 1582 367 1609 una
393 1582 486 1609 cum
505 1564 604 1625 fiiis
636 1565 824 1625 reliquiis
850 1579 1013 1609 munere
1034 1565 1188 1625 patriae
1218 1565 1265 1609 in
1296 1581 1395 1626 mu„-

94 1663 181 1708 gno
206 1649 379 1708 palatio
414 1648 559 1715 exstat.

164 1778 276 1825 Haec
294 1775 442 1825 servat
461 1776 609 1824 adhuc
630 1773 848 1824 Patavina
870 1772 1033 1822 civitas
1059 1770 1175 1821 civis
1198 1769 1264 1819 sui
1284 1770 1398 1818 doc-0

99 1859 252 1908 tiffimi
271 1872 582 1908 monumenta.
606 1859 677 1906 Ad
691 1859 786 1906 haec
804 1857 983 1922 vulgus,
1001 1857 1191 1903 domurn
1209 1854 1400 1902 Alexan·

103 1943 173 1990 dri
195 1945 402 2000 Baffiani,
420 1942 743 2001 marmoribus,
764 1942 940 1999 statuis,
961 1943 1010 1989 ὅ(
1029 1937 1404 2003 inscriptionibus

104 2026 277 2091 ubique
317 2027 560 2086 refertam,
591 2027 780 2073 domum
815 2024 938 2072 Livii
971 2035 1237 2087 nuncupat,
1274 2020 1407 2083 cujus

108 2126 219 2174 ergo
260 2110 432 2174 magnis
472 2110 752 2156 advenarum
799 2107 1093 2155 concursibus
1139 2105 1410 2154 celebratura·

109 2193 351 2241 Scraderus
385 2193 522 2240 etiam
540 2228 555 2252 ‚
580 2191 755 2241 Patavii
782 2190 830 2238 in
863 2195 989 2238 domo
1014 2193 1141 2238 Livia
1173 2187 1216 2236 se
1247 2187 1409 2237 vidisse

110 2277 315 2340 prodidit
334 2276 529 2341 effigiem
553 2276 610 2324 T.
631 2274 782 2335 Livii,
803 2291 938 2339 quam
959 2275 1020 2322 ita
1042 2271 1273 2336 descripsit
1292 2290 1303 2319 :
1326 2275 1412 2319 Ca-

106 2376 192 2422 put
208 2363 260 2407 T.
283 2361 495 2423 Liviistne
513 2363 641 2407 barba
654 2395 667 2415 ,
684 2357 878 2425 collapsis
897 2361 1015 2422 genis
1029 2394 1042 2417 ,
1059 2357 1178 2418 fhcie
1195 2357 1378 2403 rotunda
1393 2389 1413 2411 ,

115 2445 237 2489 lineis
268 2447 470 2490 auriculis
496 2447 667 2506 longis,
699 2444 803 2504 naso
833 2445 1088 2488 acuminato.
1131 2441 1230 2487 Pari
1258 2452 1414 2485 errore

118 2525 298 2592 decepti
315 2526 461 2576 Tituli
482 2527 654 2577 accolae
675 2525 984 2586 somniarunt,
1005 2523 1189 2573 Livium
1208 2521 1313 2570 inde
1335 2536 1415 2568 or·
