1582 2793
268 212 872 261 HISTORIARUM
923 215 1058 262 LIB.
1102 217 1166 263 11.
1269 231 1352 280 175

68 321 118 368 δέ
140 320 285 383 plures
307 323 390 387 effe
407 359 420 379 ‚
441 324 490 368 &
512 322 746 367 Romanos
765 322 980 384 putabant
997 359 1010 380 ‚
1033 323 1234 370 fremitus
1255 325 1355 370 hin·

68 396 274 459 nitusque
306 412 527 460 equorum
545 433 558 454 ‚
580 397 686 460 qui,
708 398 758 443 &
782 396 957 444 insueto
984 399 1157 448 sedente
1177 401 1360 463 equite,

69 470 123 515 ὅ(
145 469 324 533 insuper
347 485 474 516 aures
497 470 694 533 agitante
721 468 897 530 sonitu,
921 470 1188 532 saeviebant‚
1209 473 1360 521 inten-

69 554 140 589 tos
169 543 294 591 velut
327 544 382 591 ad
414 543 632 606 impetum
668 543 865 590 hostium
893 544 1054 591 tenuit.

150 618 292 665 LXV.
320 618 412 665 Ubi
433 618 605 676 illuxit,
629 619 885 677 Romanus,
907 619 1078 682 integer
1096 618 1362 684 satiatusque

69 687 232 737 somno
254 691 497 753 produffiw
518 690 564 736 in
582 690 724 736 aciem
740 726 753 748 ‚
772 689 926 737 fessum
945 690 1102 737 stando
1125 692 1175 738 &
1193 693 1363 756 vigiliis

70 761 288 810 Volscum
309 763 459 826 primo
487 763 657 824 impetu
680 762 887 825 perculit.
924 779 1178 827 quanquam
1201 765 1362 811 ceffere

70 833 210 897 magis
227 869 239 891 ‚
261 851 397 898 quam
417 834 530 897 pulsi
549 833 696 880 hostes
719 833 818 880 sunt
840 851 849 879 :
875 834 980 899 quia
1005 835 1060 882 ab
1085 847 1213 899 tergo
1234 849 1362 882 erant

72 906 216 964 clivi,
240 907 286 952 in
316 924 434 971 quos
465 907 566 970 post
591 907 812 970 principia
833 907 1016 971 integris
1037 908 1270 955 ordinibus
1291 921 1365 954 tu-

72 992 142 1026 tus
174 994 382 1044 receptus
417 981 518 1029 fuit.
559 981 763 1040 Consul,
785 982 862 1027 ubi
888 982 942 1027 ad
966 981 1173 1046 iniquum
1207 981 1364 1029 locum

70 1063 260 1098 ventum
292 1052 385 1111 est,
414 1053 520 1100 sistit
555 1053 708 1099 aciem.
756 1052 883 1099 miles
918 1070 1032 1117 aegre
1064 1054 1237 1113 teneri,
1267 1055 1364 1102 cla-

71 1141 194 1171 mare
223 1128 273 1174 &
301 1126 509 1189 poscere,
537 1137 586 1172 ut
612 1126 825 1189 perculsis
854 1127 1014 1173 instare
1041 1127 1185 1175 liceat.
1223 1131 1365 1175 Fero-

72 1198 168 1246 cius
207 1216 344 1263 agunt
377 1199 546 1263 equites
575 1218 585 1247 ε
624 1199 879 1247 circumfusi
915 1200 1021 1247 duci
1054 1200 1365 1248 vociferantur

71 1271 116 1318 se
150 1286 253 1320 ante
282 1273 402 1338 figna
431 1274 590 1321 ituros.
635 1275 763 1321 Dum
788 1274 1022 1321 cunstatur
1053 1273 1239 1334 consul,
1267 1275 1364 1324 vir-

73 1358 169 1393 tute
204 1346 398 1394 militum
428 1348 594 1406 fretus,
628 1348 738 1395 loco
775 1365 930 1411 parum
968 1347 1140 1407 fidens,
1174 1349 1364 1396 concla-

73 1429 226 1477 mant,
249 1417 291 1464 se
315 1418 458 1465 ituros
478 1437 488 1465 ε
521 1418 855 1480 clamoremque
880 1434 947 1464 res
967 1417 1028 1464 est
1050 1418 1209 1467 secuta.
1241 1421 1365 1468 Fixis

69 1490 117 1537 in
142 1503 302 1538 terram
330 1491 462 1555 pilis,
488 1508 582 1555 quo
610 1490 806 1539 leviores
840 1490 887 1537 in
915 1490 1051 1538 ardua
1089 1492 1366 1553 evaderent,

74 1564 203 1612 cursu
231 1564 435 1612 subeunt.
475 1562 699 1620 Volscus,
727 1562 871 1610 effusis
906 1564 961 1609 ad
992 1563 1186 1626 primum
1221 1564 1364 1627 impe·-

73 1653 171 1685 tum
199 1637 433 1684 missilibus
465 1637 564 1685 telis
581 1673 594 1695 ‚
614 1636 715 1683 saxa
737 1635 993 1698 objacentia
1015 1638 1201 1700 pedibus
1232 1639 1366 1702 inge-

72 1712 132 1759 rit
160 1713 206 1758 in
234 1711 492 1770 subeuntes,
519 1710 812 1774 turbatosque
845 1711 1002 1758 iffibus
1035 1712 1202 1759 crebris
1235 1725 1366 1776 urget

72 1801 129 1830 ex
164 1784 392 1848 superiore
437 1784 559 1831 loco.
613 1783 672 1830 fic
706 1801 850 1848 prope
887 1797 1123 1834 oneratum
1163 1785 1224 1833 est
1257 1786 1366 1832 smi-

74 1857 210 1905 strum
254 1858 473 1905 Romanis
513 1874 696 1914 cornu,
727 1857 774 1903 ni
811 1856 1105 1905 referentibus
1139 1856 1227 1920 jam
1263 1875 1366 1922 gra-

76 1935 184 1982 dum
216 1934 407 1994 consul,
430 1934 710 1999 increpando
734 1933 864 1979 simul
889 1933 1181 1981 temeritatem
1198 1969 1211 1992 ‚
1237 1933 1368 1980 simul

77 2009 329 2074 ignaviam,
349 2009 526 2072 pudore
548 2021 719 2055 metum
745 2007 1006 2054 excuffiffet.
1038 2007 1254 2054 Restitere
1274 2008 1367 2071 pri-

75 2099 153 2129 mo
174 2079 408 2128 obstinatis
435 2082 594 2129 animis
615 2101 625 2129 z
662 2081 821 2128 deinde
839 2117 852 2139 ‚
875 2093 924 2128 ut
950 2081 996 2127 in
1021 2082 1277 2129 obtinentes
1297 2081 1369 2129 lo-

75 2172 180 2202 cum
203 2154 324 2202 vires
355 2154 554 2201 ferebant
573 2191 586 2213 ‚
609 2155 773 2201 audent
802 2154 924 2200 ultro
958 2154 1145 2218 gradum
1174 2153 1364 2209 inferre;

75 2231 154 2288 &‚
182 2224 379 2277 clamore
417 2241 643 2278 renovato
663 2264 677 2287 ‚
720 2243 1019 2276 commovent
1053 2228 1211 2274 aciem.
1267 2239 1366 2274 tum

75 2300 226 2348 rursus
242 2337 255 2359 ‚
276 2301 447 2365 impetu
477 2314 611 2365 capto
629 2337 643 2360 ‚
664 2300 895 2347 enituntur
910 2336 924 2358 ,
944 2312 1074 2363 atque
1099 2298 1368 2362 exsuperant

75 2372 358 2436 iniquitatem
378 2373 484 2421 loci.
503 2375 597 2421 Jam
615 2389 758 2436 prope
779 2385 897 2431 erat,
912 2384 963 2419 ut
984 2371 1029 2418 in
1047 2371 1266 2418 summum
1287 2370 1367 2417 cli-

76 2446 127 2493 vi
153 2444 307 2509 jugum
326 2447 597 2504 evaderent,
617 2463 719 2493 cum
737 2457 857 2509 terga
877 2445 1022 2492 hostes
1040 2445 1200 2491 dedere
1220 2462 1230 2490 :
1256 2442 1365 2489 effu-

79 2518 218 2588 soque
244 2518 370 2568 cursu
393 2535 519 2583 paene
545 2519 720 2585 agmine
746 2535 841 2572 uno
866 2518 1089 2584 fugientes
1114 2516 1368 2581 sequemet}
