1582 2793
306 169 893 222 HlsromARUM
941 174 1144 223 mur,
1320 180 1386 237 71·

75 285 256 344 sbrtuna
276 282 391 349 effic,
420 280 464 330 δ’
471 297 632 345 parata
648 315 663 341 ,
694 282 832 339 unde,
859 286 931 329 uhi
954 290 1102 345 vellet,
1121 284 1385 351 egentiffi'mis

83 361 313 420 largiretur.

149 431 354 478 XLVIII.
388 428 507 476 Huic
542 427 745 476 orationi
770 424 954 474 Servius
977 440 1079 471 cum
1115 424 1387 473 intervenis-

86 503 179 565 set,
209 504 391 571 trepido
429 504 598 552 nuntio
629 504 881 560 excitatus,
916 500 1149 563 extemplo
1186 517 1212 546 a
1244 501 1386 548 vesti-

87 578 198 627 bulo
234 578 373 626 curiae
404 596 567 644 magna
597 594 748 636 voce,
782 579 907 640 Quid
931 577 1032 631 lzoc,
1063 573 1242 636 inquit,
1276 577 1388 620 Tar-

87 658 207 717 quini
224 690 238 713 ‚
273 658 328 701 rei
353 656 441 723 cst?
476 673 557 718 qua
581 671 627 700 tu
654 656 839 700 audacia
861 671 923 697 me
954 654 1055 698 vivo
1083 667 1228 696 vocare
1259 650 1389 709 aufits

86 750 127 780 cs
157 735 301 778 Patres
312 750 332 787 ;
358 748 434 778 auc
454 734 497 778 in
515 731 616 789 sede
638 728 838 791 considere
861 746 951 774 mea
965 729 990 773 s>
1022 726 1145 773 Cum
1163 724 1239 770 ille
1261 723 1388 770 fero-

85 804 200 852 citer
219 805 274 852 ad
302 805 396 852 haec
409 839 423 861 ‚
444 810 499 851 Se
509 807 651 866 patris
663 804 740 864 fici
756 802 1033 862 teneresedem
1047 837 1061 858 ‚
1081 804 1213 845 multo
1226 834 1242 855 ,
1262 817 1388 860 quam

74 880 244 942 servum
263 915 277 937 ,
303 883 538 941 potiorem,
558 881 704 939 filium
736 880 841 940 regis
887 879 1003 938 regni
1033 879 1214 922 heredem
1232 893 1249 921 ‚⁹
1271 875 1388 936 settis

87 958 211 1000 illum
239 958 313 1001 diu
327 973 404 1016 per
428 956 640 1000 licentiam
671 954 899 998 eludentem
924 950 1139 1015 infitltaffe
1165 953 1353 998 dominis
1368 969 1390 1007 3

87 1026 263 1074 clamor
291 1028 345 1073 ab
372 1025 613 1089 utriusque
639 1023 892 1073 fautoribus
917 1023 1095 1083 oritur,
1120 1025 1171 1072 &
1193 1040 1389 1072 concur-

89 1097 158 1145 sus
187 1098 349 1162 populi
375 1096 511 1145 fiebat
541 1098 590 1144 in
624 1098 823 1145 curiam:
859 1097 1194 1162 apparebatque
1228 1114 1392 1162 regna&

89 1186 239 1218 turum
258 1208 273 1229 ‚
306 1172 384 1236 qui
410 1171 601 1219 vicisset.
641 1173 766 1218 Tum
793 1171 1099 1236 Tarquinius,
1132 1171 1392 1218 necestitate

88 1245 177 1305 iam
208 1245 299 1308 ipsa
326 1257 519 1310 cogente
539 1281 553 1304 ,
585 1245 744 1294 ultima
775 1246 965 1293 audere:
997 1244 1146 1292 multo
1179 1247 1229 1292 &
1262 1255 1391 1291 aetate

90 1322 140 1367 δέ
162 1318 338 1368 viribus
367 1318 568 1367 validior
584 1355 598 1377 ,
625 1319 826 1366 medium
853 1318 1010 1382 arripit
1029 1319 1267 1375 Servium3
1298 1318 1391 1365 ela-

90 1408 276 1460 tumque
296 1411 320 1441 e
340 1394 467 1442 curia
487 1395 535 1442 in
558 1395 822 1442 inferiorem
842 1407 1014 1459 partem
1035 1413 1115 1459 per
1134 1396 1293 1459 gradus
1313 1395 1393 1442 dee

89 1468 199 1529 jicit.
232 1468 339 1515 Inde
368 1468 423 1514 ad
456 1469 718 1533 cogendum
745 1468 945 1517 senatum
972 1469 1020 1516 in
1055 1469 1225 1517 curiam
1258 1469 1391 1517 redit.

90 1542 158 1589 Fit
189 1542 293 1606 fuga
327 1542 445 1606 regis
474 1542 784 1605 apparitorum
804 1579 817 1602 ‚
852 1555 985 1607 atque
1022 1543 1260 1590 comitum.
1294 1542 1390 1605 Ipse

90 1633 237 1680 prope
273 1615 535 1680 exsanguis,
569 1635 672 1664 cum
708 1618 958 1665 semianimi
996 1617 1125 1682 regio
1166 1617 1390 1666 comitatu

90 1693 279 1737 domum
314 1689 356 1736 se
387 1689 640 1753 reciperet,
677 1691 1042 1754 pervenissetque
1076 1691 1131 1738 ad
1163 1690 1389 1739 summum

90 1763 321 1828 Cyprium
341 1762 526 1822 vicum,
547 1764 602 1810 ab
623 1763 702 1821 iis,
727 1763 804 1827 qui
823 1763 936 1810 miffi
963 1764 1018 1810 ab
1037 1764 1294 1827 Tarquinio
1314 1763 1392 1811 fu-

90 1837 288 1901 gientem
305 1835 538 1887 consecuti
558 1849 705 1896 erant,
721 1836 1004 1886 interficitur.
1023 1838 1238 1885 Creditur
1252 1874 1265 1895 ,
1281 1837 1390 1902 quia

91 1927 188 1957 non
212 1911 468 1958 abhorreta
487 1922 641 1958 cetero
662 1910 850 1965 scelere,
878 1911 1116 1958 admonitu
1146 1911 1311 1958 Tulliae
1344 1912 1391 1959 id

92 1981 270 2030 facium.
306 1994 527 2046 carpento
556 1994 677 2031 certe
705 1982 783 2048 (id
812 1985 941 2048 quod
966 1982 1066 2032 satis
1100 1982 1308 2048 constat)
1342 1983 1391 2031 in

91 2057 243 2104 forum
266 2057 443 2105 inveika
459 2094 474 2118 ‚
501 2075 586 2106 nec
602 2058 800 2106 reverita
819 2069 992 2107 coetum
1012 2057 1222 2106 virorum
1240 2094 1255 2116 ,
1276 2074 1392 2106 evo-

91 2130 214 2176 cavit
231 2131 380 2178 virum
411 2147 435 2178 e
465 2131 619 2189 cur·ia;
650 2148 891 2196 regemque
915 2131 1058 2194 prima
1073 2130 1338 2195 appellavit.
1367 2149 1393 2179 a

92 2220 185 2265 quo
204 2204 412 2252 faceffere
427 2203 537 2267 jussa
556 2222 613 2252 ex
633 2219 760 2253 tanto
782 2207 982 2254 tumultu
1002 2222 1106 2253 cum
1135 2205 1178 2252 se
1199 2205 1391 2253 domum

94 2279 314 2342 reciperet
327 2318 341 2338 ,
359 2281 724 2347 pervenissetque
742 2284 797 2330 ad
824 2283 1048 2330 summum
1064 2282 1294 2348 Cyprium
1315 2282 1393 2329 vi-

95 2370 194 2400 cum
209 2389 223 2410 ,
244 2353 322 2400 ubi
345 2354 563 2403 Dianium
585 2374 728 2420 nuper
752 2357 871 2415 fuit3
902 2357 1101 2404 fleetenti
1123 2370 1392 2419 carpentum

95 2425 250 2472 dextra
275 2427 318 2472 in
342 2427 549 2476 Virbium
575 2430 749 2478 clivum
770 2468 783 2491 ‚
817 2443 866 2478 ut
898 2430 944 2476 in
980 2429 1147 2494 collem
1169 2429 1395 2492 Esquilia-

92 2500 211 2547 rium
240 2503 540 2563 eveheretur,
568 2505 727 2553 restitit
757 2505 950 2570 pavidus
968 2542 982 2561 ,
1019 2515 1154 2565 atque
1190 2503 1395 2553 inhibuit

1045 2579 1081 2622 E
1121 2594 1152 2636 4
