1582 2793
285 191 884 240 HISTORIARUM
934 190 1203 238 LIB.111.
1306 189 1400 251 269

104 322 179 365 que
201 339 213 359 ‚
246 320 293 349 ut
322 301 560 366 capeffcrent
596 304 887 362 rempublicam
908 317 924 344 :
959 321 1072 347 orare
1109 303 1324 356 tribunos,
1357 314 1403 345 ut

104 394 191 421 uno
220 378 365 421 animo
408 393 498 419 cum
539 375 778 434 cordialibus
815 376 963 418 bellum
1002 376 1055 418 ab
1085 377 1179 419 urbe
1217 391 1266 419 ac
1297 389 1402 417 ηιατ-

106 453 233 496 nibus
256 449 500 511 propulfizri
532 452 706 505 vellent,
736 449 971 508 plebemque
1001 450 1247 493 obedientem
1284 447 1331 491 itz
1364 464 1404 491 re

108 539 195 568 tam
237 525 396 583 trepida
434 525 636 567 Patribus
667 524 891 582 proebcretzt
917 538 934 566 .·
969 526 1176 582 appellare
1214 524 1404 567 tribunos

110 616 365 645 communem
399 599 587 657 patriam
608 631 622 654 ‚
656 598 946 656 auxiliumque
979 614 1117 641 eorum
1155 599 1408 655 implorare,

109 689 164 717 να
199 672 282 715 acis
310 671 452 730 agriS,
486 670 580 714 urbe
595 687 724 729 prope
748 684 1003 730 oppugnata.
1040 666 1274 714 consensu
1306 686 1409 715 om-

111 742 240 788 nium
276 741 470 787 delectus
501 740 757 788 decernitur
793 741 1085 804 habeturque.
1131 741 1251 787 Cum
1291 759 1410 788 con-

114 814 230 862 sules
249 813 296 865 in
331 812 560 860 concione
594 812 956 876 pronuntiassent
976 849 990 870 ,
1020 815 1197 875 Tempus
1228 834 1315 861 nofz
1334 814 1410 880 „ffb

115 891 266 953 causas
295 890 569 952 cognoscendi
583 909 603 946 ;
632 909 773 936 omnes
782 891 979 948 juniores
995 893 1156 958 postero
1181 895 1247 937 die
1267 896 1419 953 prima·

116 970 202 1012 luce
222 968 267 1010 in
288 983 433 1024 campo
454 966 614 1010 Marcio
634 962 815 1028 adeffetzt
826 983 845 1019 ,·
873 965 1166 1025 cognoscendis
1190 967 1323 1032 calfsz's
1347 987 1418 1013 eo-

118 1058 207 1085 rum
221 1075 236 1096 ,
268 1042 341 1099 qui
368 1041 545 1084 nomina
578 1058 664 1085 non
695 1036 918 1102 dedffnt,
936 1041 1040 1084 bello
1061 1040 1237 1100 perfeflo
1255 1042 1305 1102 fi’
1331 1044 1415 1088 da-

118 1130 232 1159 turos
265 1130 422 1173 tempus
440 1131 460 1168 ;
483 1131 565 1174 pro
595 1114 788 1175 desertore
806 1113 1028 1173 futurum,
1056 1115 1176 1173 cujus
1201 1135 1288 1162 nort
1309 1137 1417 1178 pro-

121 1185 283 1250 baffenc
305 1187 476 1248 caufizm
502 1205 518 1232 .·
550 1186 700 1233 omnis
730 1186 941 1248 juventus
969 1186 1094 1234 affuit
1119 1188 1305 1251 postero
1329 1191 1419 1239 die.

122 1260 357 1307 Cohortes
387 1260 467 1307 fibi
497 1278 692 1325 quaeque
726 1261 1016 1310 centuriones
1048 1262 1289 1328 legerunt:
1321 1265 1420 1312 bini

120 1335 350 1383 senatores
383 1334 568 1399 singulis
599 1336 867 1384 cohortibus
894 1337 1138 1401 praepositi.
1176 1340 1286 1387 Haec
1314 1356 1422 1386 om·-

123 1409 200 1456 nia
229 1408 343 1455 adeo
377 1422 552 1455 mature
578 1408 773 1472 perfecta
806 1411 1094 1474 accepimus,
1116 1425 1168 1459 ut
1193 1413 1336 1476 figna,
1362 1431 1422 1461 eo

121 1482 222 1546 ipso
244 1483 315 1529 die
340 1499 363 1529 a
383 1482 683 1546 quaestoribus
706 1499 760 1530 ex
793 1485 949 1530 aerario
980 1497 1161 1548 promta
1187 1486 1424 1552 delataque

124 1556 174 1604 in
201 1574 430 1620 campum,
458 1570 613 1621 quarta
638 1557 725 1603 diei
748 1557 860 1605 hora
885 1571 1010 1605 mota
1031 1575 1087 1605 ex
1114 1577 1276 1622 campo
1307 1560 1422 1607 sint:

126 1629 441 1693 exercitusque
461 1646 635 1687 novus,
657 1631 808 1692 paucis
828 1631 1098 1678 cohortibus
1116 1646 1321 1680 veterum
1341 1634 1424 1681 mi·

127 1705 260 1750 litum
283 1703 523 1750 voluntate
557 1701 842 1766 sequentibus
858 1741 871 1761 ,
892 1705 1102 1752 manserit
1125 1707 1178 1753 ad
1199 1708 1429 1755 decimum

76 1830 87 1846 ἱ
129 1776 340 1839 lapidem.
379 1775 623 1840 Insequens
652 1777 745 1822 dies
770 1777 945 1824 hostem
971 1778 1017 1824 in
1042 1780 1330 1843 conspectum
1354 1781 1431 1827 de-

130 1851 223 1907 dit,
247 1852 477 1915 castraque
509 1852 564 1897 ad
594 1852 879 1899 Corbionem
902 1853 1052 1900 castris
1076 1854 1176 1901 sunt
1204 1855 1431 1917 conjunc-

131 1940 192 1972 ta.
221 1925 382 1973 Tertio
412 1926 484 1971 die
501 1961 515 1984 ‚
543 1943 647 1973 cum
677 1927 742 1972 ira
769 1926 1004 1974 Romanos
1024 1964 1038 1985 ,
1061 1928 1193 1987 illos,
1219 1946 1324 1976 cum
1354 1943 1438 1977 πο·

131 1998 215 2044 ties
245 1997 558 2057 rebellassent,
591 1998 870 2046 conscientia
907 2000 1052 2064 culpae
1087 2019 1138 2048 ac
1179 2003 1433 2066 desperatio

132 2073 356 2129 irritaret,
388 2089 518 2118 mora
549 2072 790 2119 dimicandi
824 2074 948 2120 nulla
978 2074 1040 2122 est
1071 2075 1198 2123 tacta.
1255 2076 1266 2133 1

219 2147 363 2192 LXX.
399 2148 448 2192 In
481 2146 682 2193 exercitu
713 2146 928 2193 Romano
959 2164 1060 2194 cum
1093 2149 1187 2195 duo
1226 2149 1436 2197 consules

135 2217 275 2264 effent
303 2217 520 2279 potestate
554 2218 678 2281 par'13
711 2217 840 2280 quod
858 2218 1200 2267 saluberrimum
1222 2221 1269 2269 in
1293 2222 1436 2267 admi-

138 2289 404 2337 nistratione
432 2308 699 2354 magnarum
719 2308 866 2338 rerum
896 2292 957 2338 est
976 2329 990 2350 ,
1027 2292 1194 2340 summa
1231 2294 1436 2356 imperii,

139 2363 422 2411 concedente
442 2364 642 2427 Agrippa
657 2400 671 2421 ‚
695 2380 830 2427 penes
851 2366 1072 2429 collegam
1096 2378 1213 2412 erat:
1252 2367 1303 2412 &
1324 2383 1438 2428 prae-

140 2437 256 2483 latus
280 2437 353 2483 ille
379 2436 584 2484 facilitati
606 2437 904 2485 submittentis
924 2438 965 2484 se
986 2439 1177 2485 comiter
1196 2438 1441 2502 responde-

141 2510 220 2558 bat
234 2546 251 2570 ,
271 2510 658 2562 communicando
680 2512 867 2562 consilia
885 2511 1125 2575 laudesque
1140 2546 1157 2573 ,
1186 2514 1235 2562 &
1258 2529 1443 2577 aequanff
