1582 2793
313 184 929 235 HISTORIARUM
975 185 1102 231 Llss.
1142 186 1176 232 1.
1344 184 1408 247 69

96 297 191 346 fere
221 294 272 344 fit
306 295 475 344 malum
511 293 632 342 malo
656 291 958 357 aptiffimum:
993 291 1066 339 sed
1095 291 1279 340 initium
1307 304 1410 340 tur-

37 381 42 386 ’
95 371 235 418 bandi
267 368 422 417 omnia
454 385 478 414 a
508 366 678 414 femina
707 378 861 413 ortum
889 365 966 412 est.
995 368 1056 412 Ea
1074 402 1087 424 ‚
1119 367 1296 414 secretis
1318 366 1409 416 viri

96 444 235 491 alieni
266 441 500 490 affuefacta
520 440 809 487 sermonibus
825 476 838 498 ‚
870 438 1007 486 nullis
1024 440 1274 487 verborum
1296 457 1410 488 con-

99 516 300 564 tumeliis
330 530 514 579 parcere
534 551 548 572 ,
568 515 623 562 de
648 514 755 562 viro
773 512 829 560 ad
848 512 1032 560 fratrem
1050 548 1063 572 ‚
1092 513 1146 559 de
1177 514 1334 561 sorore
1355 514 1410 562 ad

95 590 283 645 virum;
315 589 364 637 &
387 588 429 635 se
450 588 613 635 reffius
633 585 821 635 viduam
837 624 850 647 ,
877 590 926 636 δε
946 587 1076 634 illum
1097 589 1312 636 coelibem
1335 589 1412 636 fu-

96 676 250 714 turum
273 663 400 711 fuisse
433 663 743 722 contendere,
776 681 912 728 quam
944 680 1048 710 cum
1070 663 1230 726 impari
1256 664 1410 728 jungi,

98 752 152 788 ut
169 737 579 803 elanguescendum
602 737 747 784 aliena
765 737 950 802 ignavia
969 737 1088 784 effer.
1111 738 1156 784 Si
1180 737 1261 783 fibi
1281 754 1381 784 eum
1395 773 1413 796 ‚

99 829 197 877 quo
220 812 354 877 digna
375 812 505 870 esset,
526 811 611 858 Dii
630 811 849 858 dediss'ent
869 811 1021 862 virum
1039 847 1053 870 ‚
1083 811 1211 859 domi
1238 809 1281 857 se
1303 827 1411 874 pro-

99 887 280 951 pediem
300 885 496 933 visuram
526 901 717 949 regnum
738 884 869 932 fuiffe
887 922 900 945 ‚
933 886 1062 949 quod
1087 885 1207 949 apud
1238 896 1416 948 patrem

99 962 271 1010 videat.
312 959 538 1007 Celeriter
568 959 903 1007 adolescentem
931 960 1018 1007 suae
1038 960 1307 1008 temeritatis
1326 959 1415 1006 im-

99 1036 209 1101 plet.
238 1037 390 1082 Aruns
412 1033 696 1098 Tarquinius
716 1036 768 1082 &
782 1035 936 1081 Tullia
952 1035 1108 1082 minor
1124 1051 1273 1099 prope
1297 1050 1416 1081 con-

99 1110 286 1159 tinuatis
324 1108 561 1156 funeribus
602 1126 706 1156 cum
737 1110 904 1157 domos
938 1127 1109 1158 vacuas
1148 1126 1283 1156 novo
1314 1125 1415 1155 ma-

98 1184 325 1234 trimonio
358 1181 592 1241 fecissent,
624 1182 878 1247 junguntur
907 1185 1110 1248 nuptiis,
1145 1184 1288 1249 magis
1316 1199 1418 1231 non

100 1257 382 1324 prohibente
407 1256 574 1303 Servio
590 1293 604 1315 ‚
628 1274 763 1320 quam
784 1257 1086 1320 approbante.

166 1333 352 1380 XLVII.
385 1330 510 1377 Tum
538 1346 655 1379 vero
684 1330 732 1377 in
756 1331 849 1378 dies
870 1330 1078 1378 infestior
1093 1329 1237 1379 Tullii
1257 1328 1414 1377 senec-

102 1417 202 1463 tus,
224 1403 430 1451 infestius
461 1403 608 1466 coepit
628 1420 818 1468 regnum
837 1404 938 1451 effe.
981 1403 1071 1466 jam
1099 1403 1219 1451 enim
1239 1403 1295 1450 ab
1317 1401 1415 1450 sce-

102 1477 197 1524 lere
219 1477 276 1524 ad
301 1476 425 1524 aliud
444 1476 636 1540 speclare
653 1478 816 1525 mulier
837 1478 1004 1526 scelus:
1039 1495 1123 1526 nec
1144 1479 1305 1537 ηοξὶθ,
1330 1494 1418 1526 nec

104 1551 309 1600 interdiu
340 1549 494 1597 virum
514 1551 836 1615 conquiescere
854 1552 979 1615 pati,
1008 1568 1065 1598 ne
1094 1551 1282 1616 gratuita
1299 1568 1419 1614 prae-

102 1627 236 1675 terita
259 1625 502 1690 parricidia
531 1626 683 1673 effent.
726 1630 824 1674 Non
834 1628 927 1693 sibl
958 1626 1137 1692 desusffi
1150 1663 1166 1684 ,
1191 1629 1262 1673 cui
1279 1642 1417 1687 nupta

104 1705 335 1758 diceretur,
366 1719 441 1746 nec
475 1719 567 1747 cum
600 1721 680 1763 quo
717 1705 849 1748 tacita
862 1702 1074 1762 firviret:
1105 1698 1277 1765 defuiſjse
1293 1736 1307 1757 ,
1344 1702 1418 1761 qui

94 1775 146 1836 se
165 1791 288 1836 regno
318 1776 497 1836 dignum
508 1791 708 1835 [παιᾶνας
737 1778 808 1837 qui
832 1772 1101 1839 nzeminfft‚
1112 1775 1162 1835 fi
1185 1772 1260 1838 effi
1278 1772 1421 1833 Prisci

109 1849 337 1908 Tarquinii
356 1849 504 1907 filium
521 1867 542 1904 ,·
573 1852 644 1910 qui
671 1851 842 1908 habere,
875 1868 1000 1912 quam
1018 1849 1187 1910 sperare
1204 1883 1218 1906 ‚
1246 1865 1427 1912 regnu-m⁵

106 1924 264 1966 mallet.
302 1923 355 1967 Si
373 1937 420 1966 tu
441 1924 480 1967 is
503 1939 544 1968 es
557 1957 570 1979 ‚
597 1925 664 1969 cui
683 1939 860 1985 nuptam
883 1921 955 1987 effic
972 1942 1036 1969 me
1054 1925 1234 1969 arbitror
1243 1957 1262 2003 .’
1293 1919 1337 1968 C}
1352 1923 1419 1968 νὶ-

104 2015 196 2043 rum
228 1994 271 2042 G*
291 2013 420 2058 regem
442 2000 641 2057 appello:
660 1997 738 2063 fitz
770 2000 945 2054 minus,
978 2017 1025 2043 eo
1043 2016 1156 2044 natac
1173 1996 1302 2058 pejus
1323 2014 1422 2042 mu-

105 2085 197 2116 tata
216 2068 270 2135 est
291 2085 381 2125 res,
412 2072 527 2129 quod
555 2070 673 2136 zstlzic
703 2088 795 2116 cum
826 2074 865 2133 ig,
850 2074 1004 2117 navia
1034 2071 1088 2138 est
1101 2072 1257 2132 scelus,
1293 2071 1422 2132 Quin

106 2143 379 2204 accingeris?
409 2144 513 2188 Non
534 2145 612 2189 tibi
631 2146 684 2190 ab
706 2147 939 2203 Corintho,
964 2165 1036 2192 nec
1058 2149 1111 2192 ab
1136 2147 1420 2207 Tarquiniis,

107 2231 158 2262 ut
173 2218 293 2277 patri
320 2231 419 2273 tuo,
443 2219 665 2278 peregrina
684 2236 812 2280 regna
835 2222 982 2266 moliri
999 2218 1144 2285 neceffi
1174 2221 1240 2287 est.
1274 2220 1363 2264 Dii
1382 2234 1423 2262 te

99 2315 277 2362 penates
294 2302 506 2362 patriique
521 2288 608 2357 J&
620 2303 762 2362 patris
782 2303 952 2362 imago,
981 2297 1024 2345 δ’
1043 2302 1196 2345 domas
1213 2299 1349 2358 regia,
1373 2292 1421 2342 δὲ

109 2375 157 2420 in
177 2377 306 2420 domo
328 2378 460 2436 regale
470 2375 665 2436 filium,
687 2373 730 2422 δ’
748 2393 899 2421 nomen
920 2375 1200 2434 Tarquinium
1221 2386 1330 2416 creat
1347 2387 1423 2415 νο-

109 2465 252 2509 catque
282 2466 426 2510 regem.
464 2455 560 2494 Aut
571 2447 623 2513 s
651 2450 713 2494 ad
743 2450 827 2494 haec
849 2465 1005 2509 parum
1036 2447 1091 2514 est
1118 2447 1283 2500 animi,
1316 2444 1425 2504 quid

97 2522 321 2591 frustraris
358 2526 612 2574 civitatem?
642 2526 747 2586 quid
769 2540 806 2571 te
831 2540 881 2570 ut
909 2524 1064 2585 regium
1089 2519 1288 2577 juvenem
1317 2535 1427 2564 con-

1065 2596 1164 2655 ΕΞ
