1582 2793
161 206 225 267 96
514 192 1087 242 T1T1L1V11

161 309 415 357 sermonem
447 320 606 351 eorum
641 321 697 350 ex
718 302 857 351 servis
888 320 1004 350 unus
1030 302 1238 367 excepit,
1268 303 1347 370 qui
1367 298 1456 368 {ant

162 393 293 429 antea
325 378 371 424 id
402 377 590 424 senserat
619 378 718 441 agi:
755 376 828 423 sed
854 394 953 423 eam
983 378 1301 436 occasionem,
1324 392 1375 425 ut
1399 378 1457 424 li-

161 468 270 502 terae
299 452 453 516 legatis
482 452 694 498 darentur
712 485 726 507 ,
756 468 857 514 quae
889 450 1173 514 deprehensae
1203 468 1298 497 rem
1328 468 1461 499 coar-

164 545 301 594 gnere
327 527 503 592 poffent
521 563 534 585 ,
561 525 854 588 exspefflibat.
884 525 1127 589 postquam
1150 526 1271 573 datas
1304 525 1460 583 sensit,

166 621 259 652 rem
294 603 349 649 ad
380 600 586 649 consules
617 598 791 646 detulit.
830 597 1052 645 Consules
1072 635 1086 657 ,
1120 600 1176 646 ad
1207 600 1461 663 deprehen-

167 676 341 723 dendos
371 675 543 738 legatos
573 669 924 734 conjuratosque
952 670 1145 734 profeffi
1174 673 1315 719 domo
1335 709 1348 730 ,
1370 672 1463 720 fine

168 748 365 796 tumultu
404 763 497 793 rem
537 761 719 792 omnem
748 743 1034 807 oppressere:
1064 744 1294 791 literarum
1320 745 1465 809 inpri-

168 823 254 870 mis
274 820 425 868 habita
447 836 552 867 cura
568 857 578 876 ,
602 836 657 866 ne
680 818 1018 865 interciderent.
1048 819 1364 867 proditoribus
1384 835 1463 866 ex-

169 895 342 958 templo
381 895 425 940 in
458 893 644 939 vincula
675 890 923 953 conjecffis,
960 891 1014 938 de
1045 890 1200 956 legatis
1232 893 1465 957 paululum

169 967 479 1016 addubitatum
512 966 596 1012 est:
626 967 674 1012 &
696 981 951 1029 quanquam
980 964 1063 1010 visi
1087 964 1189 1011 sunt
1217 965 1465 1013 commifisa

169 1042 248 1099 se,
286 1053 339 1088 ut
372 1040 567 1088 hostiurn
606 1039 716 1086 loco
753 1038 893 1084 effent
915 1074 930 1098 ,
967 1037 1038 1102 jus
1075 1051 1226 1087 tamen
1264 1033 1467 1104 gentium

171 1114 329 1162 valuit.

237 1190 294 1234 V.
327 1188 402 1234 De
434 1185 568 1233 bonis
589 1185 750 1249 regiis,
769 1202 870 1249 quae
891 1186 1017 1233 reddi
1043 1201 1146 1234 ante
1175 1186 1468 1246 censuerant,

170 1278 240 1309 res
270 1262 443 1324 integra
474 1259 664 1306 refertur
696 1261 751 1307 ad
776 1262 941 1307 Patres.
975 1260 1041 1307 illi
1069 1262 1176 1309 ³vieti
1205 1261 1271 1308 ira
1300 1273 1470 1309 vetue-

169 1353 220 1383 re
251 1335 406 1393 reddi,
440 1346 628 1380 vetuere
657 1334 703 1380 in
734 1335 969 1397 publicum
1002 1335 1155 1399 redigi.
1194 1335 1470 1399 Diripienda

172 1407 296 1471 plebi
329 1405 432 1452 sunt
461 1402 587 1462 dat‘a;
625 1418 702 1463 ut,
736 1408 944 1454 contaEta
975 1407 1095 1488 regia
1131 1407 1310 1470 praeda,
1345 1407 1471 1470 spem·

174 1481 204 1526 ΞΞ
208 1498 223 1525 Ξ
243 1498 276 1561 p
261 1491 437 1542 erpetu
442 1495 519 1524 um
549 1494 652 1524 cum
680 1478 748 1525 his
780 1479 902 1542 pacis
935 1480 1175 1526 amitteret.
1207 1481 1327 1543 Ager
1351 1482 1471 1529 Tar-

175 1570 238 1617 qu
244 1555 469 1610 miorum,
506 1552 585 1616 qui
605 1553 723 1599 inter
742 1553 900 1600 urbem
920 1571 970 1601 ac
986 1554 1192 1601 Tiberim
1212 1553 1327 1613 fuit,
1358 1570 1472 1602 con-

174 1630 370 1677 secratus
400 1627 568 1687 Marti,
602 1623 788 1676 Martius
825 1627 986 1676 deinde
1019 1645 1198 1693 campus
1224 1589 1327 1676 fuiti
1355 1627 1472 1676 For·-

250 1704 313 1750 ibi
344 1716 440 1750 tum
471 1702 593 1767 seges
623 1702 750 1750 farris
781 1703 946 1751 dicitur
969 1703 1096 1751 fuisse
1129 1716 1304 1751 matura
1332 1704 1474 1751 meffi.

176 1793 313 1840 quem
350 1776 496 1838 campi
527 1775 720 1822 fruffiim
746 1777 850 1840 quia
883 1775 1142 1841 religiosum
1180 1780 1274 1824 erat
1303 1777 1473 1825 consu-

178 1867 301 1896 mere
319 1887 332 1909 ,
365 1850 575 1896 defeetam
600 1868 701 1897 cum
729 1850 974 1896 stramento
1009 1850 1197 1914 segetem
1222 1869 1382 1916 magna
1401 1851 1475 1899 vis

178 1925 421 1971 hominum
457 1924 583 1971 simul
618 1924 804 1971 immissa
835 1924 1047 1973 corbibus
1078 1924 1231 1973 fudere
1264 1926 1309 1972 in
1329 1922 1474 1973 Tibe-

174 1998 267 2043 Vrim
285 2034 299 2052 ‚
324 1997 449 2043 tenui
479 1998 692 2044 fluentem
713 2015 855 2061 aqua,
888 2009 940 2044 ut
963 1998 1120 2046 mediis
1153 1999 1380 2046 caioribus
1403 1998 1474 2046 so-

180 2070 257 2117 let.
293 2071 355 2117 ita
384 2072 430 2117 in
464 2072 591 2119 vadis
613 2071 854 2119 baefitantis
880 2071 1097 2119 frumenti
1122 2090 1314 2120 acervos
1347 2071 1476 2119 sedis-

183 2143 228 2188 se
261 2143 400 2190 illitos
436 2144 563 2190 limo.
612 2143 804 2192 Insulam
846 2145 951 2192 inde
984 2145 1228 2208 paulatim,
1264 2147 1314 2192 &
1343 2145 1475 2204 aliis,

184 2233 230 2264 (u
235 2234 285 2261 1ae
316 2216 402 2262 sert
433 2230 600 2263 temere
632 2217 833 2276 flumen,
861 2234 917 2265 eo
923 2218 1065 2264 lem
1055 2235 1136 2265 mx
1140 2217 1273 2275 effis,
1302 2216 1476 2266 saetam

185 2273 341 2354 postea
361 2291 499 2337 credo
529 2290 698 2337 additas
724 2290 895 2348 moles,
925 2307 1149 2354 manuque
1171 2254 1401 2353 adjtitum,
1424 2304 1476 2336 ut

187 2376 278 2410 tam
322 2364 523 2411 eminens
560 2381 696 2424 area,
738 2364 956 2428 firmaque
991 2366 1168 2428 templis
1202 2381 1388 2429 quoque
1423 2382 1478 2414 ac

187 2437 444 2499 porticibus
473 2437 738 2486 sustinendis
767 2439 885 2486 effer.
917 2439 1123 2501 Direptis
1140 2440 1274 2486 bonis
1295 2455 1478 2503 regum,

193 2509 387 2557 damnati
407 2510 700 2575 proditores,
728 2510 1012 2576 sumtumque
1035 2510 1300 2575 supplicium
1316 2545 1329 2569 ,
1368 2526 1480 2565 com
