1582 2793
309 133 904 183 HisToaiARUM
958 136 1088 182 [ΛΒ.
1131 137 1162 184 1.
1331 152 1390 199 ιι)

93 243 279 303 tabant,
314 260 428 290 unus
459 259 562 290 cum
589 242 833 306 insignibus
864 242 1042 304 imperii
1074 245 1124 292 &
1158 243 1392 291 liftoribus

95 328 218 362 erat:
256 317 458 380 quinque
481 316 653 362 dierum
681 315 823 377 spatio
851 313 1091 363 finiebatur
1120 317 1358 381 imperium
1377 354 1397 377 ‚

79 404 148 434 ·ac
169 404 248 451 per
275 405 433 434 omnes
461 387 505 433 in
525 388 685 434 orbem
705 386 825 433 ibat:
855 405 1146 451 annuumque
1170 391 1392 438 interval·

95 461 190 507 lum
220 461 344 525 regni
371 461 467 508 fuit.
499 461 545 507 id
566 462 621 507 ab
648 477 724 519 re,
756 461 882 524 quod
911 479 1031 508 nunc
1058 478 1242 525 quoque
1273 478 1398 511 tenet

97 550 295 592 nomen,
330 535 640 597 Interregnum
669 533 958 596 appellatum.
998 537 1202 581 Fremere
1235 537 1396 583 deinde

95 607 250 670 plebs,
285 607 627 671 multiplicatam
653 605 912 653 servitutem
930 642 944 665 ,
976 618 1158 654 centum
1190 625 1275 671 pro
1301 626 1398 657 uno

98 681 313 729 dominos
335 681 502 729 faCtos:
536 698 619 729 nec
653 681 770 728 ultra
802 680 881 727 nisi
914 697 1093 744 regem,
1130 683 1179 729 &
1212 683 1266 727 ab
1295 682 1399 746 ipsis

97 766 298 801 creatum
311 791 322 811 ‚
341 755 615 802 videbantur
634 754 809 817 passuri.
840 754 960 801 Cum
981 753 1204 801 sensissent
1223 773 1273 802 ea
1293 773 1398 801 mo·-

99 828 197 876 veri
229 829 406 884 Patres;
443 828 722 875 offerendum
756 828 879 875 ultro
904 828 1016 887 rati,
1045 830 1170 891 quod
1203 829 1400 876 amiss'uri

101 914 262 958 erant,
294 903 353 949 ita
381 902 569 967 gratiam
590 903 779 960 ineunt,
811 902 978 949 summa
1001 903 1221 966 potestate
1247 921 1402 968 popu·

99 975 149 1022 lo
186 976 419 1038 permissa,
452 989 503 1023 ut
537 993 634 1023 non
662 976 764 1039 plus
795 976 953 1022 darent
981 975 1117 1038 juris,
1155 995 1289 1042 quam
1326 981 1403 1024 de·-

100 1049 314 1097 tinerent.
359 1050 664 1097 decreverunt
691 1049 812 1096 enim
830 1085 843 1108 ‚
871 1062 944 1109 ut,
972 1067 1074 1097 cum
1101 1052 1297 1115 populus
1326 1069 1402 1100 re-

100 1141 198 1189 gem
231 1123 407 1186 juffifl‘et
430 1161 444 1183 ‚
476 1124 521 1172 id
553 1125 612 1172 fic
639 1136 785 1171 ratum
807 1125 940 1184 effer,
970 1125 1001 1172 s1
1022 1127 1171 1174 Patres
1195 1128 1401 1174 auftores

98 1196 271 1246 fierent.
310 1198 539 1262 hodieque
573 1198 619 1244 in
665 1199 835 1262 legibus
868 1196 1285 1263 magistratibusque
1318 1217 1399 1247 ro·-

99 1272 255 1336 gandis
288 1270 528 1330 usurpatur
556 1272 676 1319 idem
702 1271 796 1334 jus,
820 1271 869 1319 vi
901 1272 1102 1320 ademta:
1137 1273 1401 1337 priusquam

98 1347 296 1411 populus
319 1345 577 1410 suffragium
609 1346 758 1404 ineat,
777 1345 824 1392 in
845 1345 1066 1393 incertum
1097 1346 1400 1394 comitiorum

100 1435 315 1469 eventum
338 1423 490 1468 Patres
510 1421 712 1467 anaores
732 1418 858 1466 fiunt.
888 1420 1008 1466 Tum
1039 1420 1237 1466 interrex
1252 1457 1264 1478 ‚
1286 1437 1400 1468 con·

99 1495 236 1542 cione
255 1495 479 1542 advocata
499 1531 512 1554 ,
545 1495 678 1556 Quod
695 1496 870 1551 bonum,
886 1492 1078 1561 faustum
1094 1530 1107 1552 ,
1119 1494 1312 1556 felixque
1313 1495 1403 1559 stc,

96 1568 248 1634 inquit
266 1604 279 1623 ‚
323 1572 512 1632 Quirites
530 1603 543 1625 ,
579 1586 707 1631 regem
738 1584 864 1614 create
879 1586 898 1623 ;
939 1571 998 1613 ita
1029 1570 1232 1615 Patribus
1263 1570 1402 1630 wfi‘m

97 1646 162 1712 est.
201 1647 348 1691 Patres
378 1645 554 1699 deinde,
581 1641 625 1705 fi
648 1644 822 1703 dignum
844 1676 858 1697 ,
896 1644 966 1701 qui
982 1641 1197 1701 simundus
1232 1644 1284 1688 ab
1307 1643 1402 1688 Rot-

98 1721 212 1764 mulo
245 1734 509 1774 numeretur,
537 1719 720 1762 cremitis
742 1751 756 1772 ,
796 1714 984 1761 auc‘lores
1009 1716 1131 1775 fient.
1184 1716 1313 1762 Adeo
1354 1715 1404 1762 id

101 1803 277 1855 gratum
307 1790 430 1854 plebi
458 1789 547 1837 fuit
565 1826 578 1846 ‚
610 1802 689 1847 ut,
714 1805 770 1834 ne
796 1787 907 1837 viffl
940 1786 1164 1836 beneficio
1187 1788 1404 1835 videren-

99 1877 201 1921 tur,
225 1865 271 1911 id
289 1863 432 1910 modo
453 1862 692 1911 scitcerent
714 1861 1040 1926 juberentque,
1060 1875 1111 1909 ut
1133 1861 1308 1909 senatus
1327 1861 1405 1907 de-

100 1949 333 1994 cerneret,
356 1936 436 2000 qui
456 1937 619 1983 Romae
642 1947 864 2000 regnaret.

166 2013 332 2059 va.
375 2011 536 2057 Inclita
568 2008 736 2073 justitia
770 2010 1024 2075 religioque
1061 2027 1112 2060 ea
1145 2008 1406 2073 tempestate

103 2085 266 2132 Numae
298 2083 512 2147 Pompilii
545 2095 653 2131 erat
699 2083 903 2131 Curibus
932 2084 1109 2132 Sabinis
1141 2082 1404 2140 habitabat,

101 2154 452 2212 consultiffimus
487 2154 591 2216 yir,
624 2166 675 2202 ut
701 2156 748 2202 in
781 2155 856 2202 illa
890 2155 1124 2220 quisquam
1159 2167 1288 2202 aetate
1317 2155 1405 2201 effe

101 2240 307 2290 poterat,
340 2227 488 2274 omnis
518 2228 663 2275 divini
691 2241 824 2292 atque
848 2230 1038 2276 humani
1067 2228 1192 2292 juris.
1232 2230 1405 2276 Αιιξὶο-

100 2317 194 2347 rem
220 2302 439 2348 doctrinae
457 2301 551 2364 ejus
567 2339 583 2359 ‚
611 2301 716 2364 quia
736 2318 830 2348 non
851 2302 994 2350 exstat
1015 2303 1126 2350 alius
1145 2339 1158 2360 ‚
1190 2301 1301 2350 falso
1323 2303 1407 2348 Sa·

104 2374 245 2421 mium
264 2376 561 2439 Pythagoran
584 2377 749 2422 edunt:
771 2393 905 2440 quem
922 2411 934 2433 ‚
953 2377 1115 2422 Servio
1129 2374 1288 2423 Tullio
1310 2390 1408 2437 reg·

106 2459 241 2494 nante
261 2447 448 2508 Romae,
482 2459 668 2495 centurn
697 2450 888 2510 amplius
915 2447 1018 2511 post
1046 2462 1222 2506 annos,
1253 2445 1300 2491 in
1329 2444 1404 2492 ul-
