1582 2793
308 183 916 232 HISTORIARUM
953 187 1085 234 LIB.
1121 190 1214 235 111.
1350 205 1440 255 259

142 289 374 338 concione
393 291 618 337 advocata
634 327 648 348 ‚
674 294 1037 353 Quemadmodum
1055 331 1068 352 ‚
1090 294 1262 358 inquit,
1291 300 1337 344 iu
1356 303 1444 344 Al-

136 369 240 429 gido
267 385 327 413 res
344 367 454 433 gesta
468 365 532 428 sit
548 403 561 422 ‚
582 369 761 412 arbitror
783 385 859 412 vos
876 403 888 423 ,
916 372 1068 414 milites
1083 406 1094 426 ‚
1126 371 1294 435 audiffi.
1333 393 1442 434 qua-

139 441 218 483 lem
242 441 358 484 liberi
368 441 522 500 populi
542 441 763 485 exercitum
783 442 920 485 decuit
947 439 1018 503 effe
1037 476 1050 497 ,
1079 446 1180 488 tulis
1199 444 1306 502 ficit.
1343 464 1441 491 corz-

128 512 254 572 fitltu
280 515 464 574 collegae,
485 516 634 558 virtute
658 516 842 559 militum
875 513 1048 559 νὶἑῖονία
1060 530 1187 574 parta
1211 519 1273 582 est.
1311 523 1446 580 Quod

139 589 202 632 a'd
217 605 278 632 me
297 590 466 644 attinet,
479 590 529 633 id
542 587 703 652 consilii
722 592 933 650 animique
952 591 1281 652 habiturasficm
1297 630 1304 642 .
1328 598 1444 655 quod

137 679 215 709 vos
240 663 346 707 milii
367 660 590 726 ffceritis.
627 660 669 708 δ’
695 666 806 708 tralzi
841 667 989 709 bellum
1004 665 1252 724 sulubriter,
1283 666 1324 712 Θ
1350 689 1441 714 iria-

136 749 222 780 ture
239 735 386 795 perfici
411 736 551 801 potest.
589 738 641 782 Si
673 738 917 781 trahendum
948 738 1029 803 est,
1064 755 1157 800 ego,
1196 756 1245 784 ut
1272 742 1316 784 irz
1351 745 1441 787 dies

123 809 227 869 spes
259 810 468 871 virtusque
490 810 621 867 vestra
650 811 798 871 crustat
815 846 828 866 ‚
850 813 988 856 eadem
1008 848 1020 867 ‚
1042 830 1124 873 qua
1146 812 1307 877 institui
1326 851 1337 870 ‚
1365 818 1439 861 di-

123 880 317 942 sciplina
335 885 527 947 ffciam.
545 886 596 929 Si
603 883 702 941 jam
708 884 823 943 fiztis
841 887 975 930 animi
991 886 1043 950 est
1054 922 1069 942 ,
1091 888 1326 947 decernique
1335 892 1438 948 pla-

135 973 216 1011 cet,
232 959 468 1020 agitedum,
485 962 726 1016 clamorem,
747 962 908 1020 qualem
927 962 972 1004 irz
993 962 1080 1005 acie
1084 960 1302 1020 sublaturi
1320 963 1440 1028 estis,

133 1033 265 1077 tollite
296 1034 387 1089 hic,
414 1035 591 1079 indicem
622 1036 854 1080 voluntatis
871 1033 1109 1100 vireutissyue
1129 1034 1270 1099 vestrae.
1308 1034 1439 1082 Post-

131 1121 267 1170 quam
300 1106 471 1171 ingenti
509 1107 736 1155 alacritate
769 1107 950 1154 clamor*
970 1107 1031 1154 est
1054 1107 1274 1168 sublatus,
1304 1112 1438 1173 Quod

134 1184 233 1228 bene
263 1198 395 1229 vertat
414 1218 427 1240 ‚
455 1184 654 1249 gesturum
678 1184 728 1245 fi
764 1185 851 1229 illis
886 1202 1035 1230 morem
1057 1220 1071 1241 ‚
1095 1185 1333 1251 posteroque
1369 1189 1436 1232 die

85 1262 89 1266 ’
132 1259 181 1303 ia
209 1261 337 1304 aciem
365 1257 630 1304 defluam-um
644 1295 659 1316 ,
681 1257 883 1304 affirmat.
918 1258 1159 1323 Reliquum
1188 1260 1275 1306 diei
1301 1267 1435 1324 appa-

131 1332 280 1378 randis
299 1332 432 1378 armis
463 1331 751 1379 consumtum
780 1331 854 1380 est.
895 1332 1080 1379 Postero
1111 1333 1182 1380 die
1211 1333 1339 1381 simul
1360 1336 1434 1383 in-

127 1404 242 1452 strui
272 1405 527 1452 Romanam
549 1405 691 1452 aciem
716 1405 868 1452 Sabini
896 1405 1081 1463 videre,
1117 1400 1166 1454 Sc
1198 1407 1305 1470 ipsi,
1340 1407 1432 1469 jam

131 1478 306 1542 pridem
324 1478 447 1526 avidi
465 1478 720 1526 certaminis
735 1516 747 1535 ‚
771 1480 1039 1542 procedunt.
1079 1480 1295 1528 Proelium
1318 1482 1430 1541 fuit,

131 1552 264 1617 quale
296 1551 413 1600 inter
440 1551 627 1599 fidentes
659 1552 831 1599 sibimet
854 1554 990 1600 ambo
1011 1553 1236 1601 exercitus
1257 1591 1269 1613 ‚
1296 1568 1429 1604 vete-

130 1629 190 1676 ris
212 1639 533 1692 perpetuaeque
555 1626 744 1674 alterum
764 1626 945 1692 gloriae,
965 1627 1152 1674 alterum
1177 1645 1321 1692 nuper
1340 1648 1430 1678 no-

132 1719 192 1748 va
232 1700 426 1749 victoria
464 1701 646 1748 elatum.
692 1701 900 1749 Consilio
940 1701 1075 1748 etiam
1113 1702 1267 1749 Sabini
1304 1704 1428 1752 vires

129 1775 360 1839 adjuvere.
408 1793 510 1822 nam
547 1793 649 1824 cum
684 1775 924 1840 aequassent
956 1775 1095 1823 aciem
1117 1812 1131 1836 ,
1175 1777 1267 1824 duo
1303 1791 1430 1827 extra

129 1849 339 1896 ordinem
372 1849 541 1910 millia,
574 1867 676 1914 quae
703 1850 750 1896 in
783 1849 1003 1897 sinistrum
1025 1867 1171 1897 cornu
1194 1851 1429 1899 Romano-

132 1942 233 1971 rum
261 1925 307 1972 in
333 1924 431 1988 ipso
466 1925 709 1972 certamine
734 1924 1064 1989 impreffionem
1099 1925 1327 1987 facerent,
1357 1939 1430 1975 te-

129 2019 281 2048 nuere.
323 2019 423 2066 quae
443 2001 520 2048 ubi
535 2038 547 2059 ‚
568 1999 701 2048 illatis
726 2018 780 2047 ex
808 2000 1060 2048 transverso
1085 2001 1218 2065 signis
1236 2039 1249 2060 ‚
1268 2003 1429 2067 degra-

129 2075 299 2124 vabant
314 2091 457 2138 prope
476 2075 840 2122 circumventum
857 2091 1026 2129 cornu;
1045 2074 1218 2139 equites
1237 2075 1428 2123 duarum

130 2149 362 2214 legionum
391 2149 587 2197 sexcenti
618 2148 711 2196 fere
737 2166 792 2194 ex
813 2147 940 2210 equis
967 2145 1201 2204 desiliunt,
1223 2147 1427 2194 cedenti-

127 2224 301 2287 busque
328 2224 418 2288 jam
447 2225 531 2272 suis
556 2223 808 2288 provolant
827 2222 873 2268 in
894 2222 1118 2286 primum3
1139 2222 1355 2283 simulque
1373 2224 1426 2271 δέ

129 2297 247 2343 hosti
275 2295 317 2343 se
343 2309 618 2360 opponunt,
649 2297 726 2354 &,
756 2309 936 2360 aequato
965 2294 1160 2358 primum
1189 2295 1427 2358 periculo,

129 2371 303 2435 pudore
322 2371 483 2418 deinde
498 2371 675 2418 animos
693 2370 897 2434 peditum
913 2370 1179 2417 accendunt.
1203 2372 1425 2416 Verecun-

131 2444 215 2491 diae
236 2457 352 2502 erat,
373 2444 567 2510 equitem
588 2443 667 2491 suo
686 2444 928 2512 alienoque
945 2455 1086 2490 marte
1108 2459 1326 2506 pugnare:
1355 2461 1424 2505 pe-

128 2517 265 2566 ditem
284 2536 341 2566 ne
358 2519 413 2566 ad
426 2519 562 2582 pedes
580 2517 764 2584 quidem
779 2517 980 2584 degresso
999 2516 1137 2637 elqzuiti
1151 2533 1302 2580 parem
1321 2517 1422 2567 effe.

1097 2607 1123 2637 2
