1582 2793
295 221 912 272 HISTORIARUM
965 226 1238 273 LIB.III.
1344 223 1430 271 261

134 331 263 379 sensu
290 333 472 380 Patrum
502 344 742 397 negaretur
769 334 1056 396 triumphus,
1091 337 1140 382 L.
1171 333 1319 382 Icilius
1351 332 1436 380 tri-

133 405 283 453 bunus
315 405 456 469 plebis
484 405 587 451 tulit
614 406 669 451 ad
706 407 928 469 populum
960 407 1013 452 de
1050 408 1284 471 triumpho
1320 424 1436 455 con-

133 476 281 525 sulum
301 514 315 535 ‚
335 476 488 524 multis
518 478 752 525 dissuasum
783 480 1115 542 prodeuntibus
1132 518 1146 539 ,
1166 480 1357 528 maxime
1379 481 1436 528 C.

134 550 333 598 Claudio
361 549 650 598 vociferante
666 588 680 610 ‚
697 555 772 599 De
794 557 993 601 Patribus
1009 589 1022 612 ‚
1043 575 1130 601 non
1158 559 1206 601 de
1233 557 1438 621 hostibus,

134 620 320 684 consules
346 626 598 685 triumphare
620 630 720 671 velle
737 646 758 682 ;
779 631 1036 689 gratiamque
1058 647 1138 689 pro
1160 632 1330 689 privato
1351 647 1439 674 me-

135 699 214 743 rito
239 699 289 742 in.
314 698 552 755 tribunum,
576 717 663 743 nort
683 719 762 760 pro
786 703 933 746 virtute
953 704 1146 747 honorem
1161 736 1175 759 ‚
1197 705 1298 763 peti.
1324 721 1440 747 nutz-

135 790 263 832 quam
296 788 392 817 ante
415 775 464 818 cle
493 775 701 834 triumpho
725 793 803 834 per
827 780 1036 836 populum
1073 776 1210 822 aflum
1236 812 1252 833 ,
1278 776 1443 837 semper

135 847 445 912 ‹estimationem
474 850 769 909 arbitriumque
793 850 882 906 ejus
909 853 1082 897 lionoris
1098 869 1226 912 penes
1240 851 1439 912 senatum

128 917 277 982 fitiffi.
318 939 370 966 ne
400 938 508 982 reges
532 923 697 983 quidem
724 923 975 990 majestatem
988 926 1153 985 summi
1173 928 1335 971 ordinis
1361 927 1440 969 im-

138 991 342 1058 minuiffe.
389 1013 440 1040 ne
483 997 544 1040 ita
574 998 719 1041 omnia
753 999 911 1042 tribuni
936 998 1150 1063 potestatis
1172 998 1263 1057 sua·
1292 999 1442 1057 imple-

139 1088 256 1127 rent,
287 1086 336 1116 ut
363 1074 529 1116 nullum
550 1073 770 1131 publicum
798 1070 1014 1135 confilium
1031 1072 1219 1136 sinerent
1246 1068 1330 1133 effe.
1371 1071 1441 1115 Ita

140 1144 304 1188 demum
334 1144 504 1188 liberam
537 1145 746 1189 civitatem
770 1142 868 1202 fore
887 1179 902 1201 2
930 1146 991 1189 ita
1025 1159 1207 1205 aeqttatas
1241 1147 1371 1205 leges,
1394 1143 1447 1207 [ἕ

129 1217 222 1278 sua
256 1216 423 1277 quisque
449 1215 560 1274 jura
592 1219 720 1274 ordo,
744 1218 874 1279 suam
908 1219 1163 1283 majestatem-
1197 1234 1342 1264 teneat.
1394 1219 1445 1263 In

141 1289 332 1336 eandem
376 1288 642 1337 sententiam
679 1291 818 1337 multa
851 1293 900 1339 &
936 1308 960 1338 a
998 1291 1160 1339 ceteris
1194 1290 1446 1337 senioribus

141 1362 326 1409 Patrum
343 1381 447 1410 curn
465 1363 604 1411 effent
623 1363 758 1423 diua,
779 1380 938 1412 ornnes
956 1366 1101 1412 tribus
1122 1382 1220 1412 eam
1240 1364 1446 1428 rogatio·-

143 1453 250 1484 nem
277 1450 567 1501 acceperunt.
595 1440 714 1486 Tum
735 1439 929 1502 primum
946 1472 961 1495 ,
979 1439 1071 1486 fine
1095 1438 1362 1487 ati&oritate
1381 1438 1447 1486 se-

144 1526 303 1570 natus,
326 1512 490 1576 populi
523 1511 638 1574 juffu
665 1514 994 1576 triumphatum
1029 1514 1105 1563 est.

209 1588 372 1634 LXIV.
399 1588 511 1633 Haec
532 1586 727 1634 viCtoria
756 1588 1051 1635 tribunorum
1080 1587 1310 1652 plebisque
1337 1603 1451 1650 pro·

143 1677 203 1725 pe
232 1659 280 1706 in
304 1660 422 1707 haud
442 1660 662 1708 salubrem
693 1661 920 1708 luxuriam
949 1662 1112 1717 vertit,
1144 1661 1449 1725 conspiratio-

145 1751 204 1782 ne
235 1735 354 1782 inter
382 1734 591 1782 tribunos
623 1734 735 1782 faita
753 1771 768 1794 ‚
787 1748 838 1783 ut
857 1736 993 1783 iidem
1014 1736 1184 1783 tribuni
1204 1734 1450 1782 reficeren-

145 1826 220 1858 tur
239 1846 252 1869 ,
270 1811 322 1858 &
338 1847 352 1869 ‚
372 1827 466 1873 quo
485 1809 561 1858 sua
587 1811 747 1858 minus
770 1811 990 1874 cupiditas
1019 1812 1261 1871 emineret,
1284 1809 1449 1857 consuh

144 1884 266 1933 libus
299 1900 491 1948 quoque
519 1884 843 1931 continuarent
872 1885 1191 1949 magistratum.
1238 1884 1453 1931 Consen-

146 1956 243 2005 sum
280 1957 461 2003 Parrum
496 1956 825 2017 causabantur,
863 1975 959 2022 quo
997 1975 1078 2021 per
1122 1957 1451 2006 contumeliam

147 2031 388 2079 consulum
420 2030 515 2092 jura
551 2032 694 2095 plebis
724 2032 936 2080 labefach
972 2033 1124 2079 efi'ent.
1175 2035 1299 2094 Quid
1317 2033 1449 2092 futu-

148 2126 240 2154 tum
257 2142 274 2163 ,
297 2109 486 2152 nondum
504 2108 696 2167 firmatis
725 2111 882 2169 legibus
899 2143 913 2163 ‚
940 2107 983 2170 si
1005 2125 1138 2154 novos
1168 2110 1355 2153 tribunos
1377 2125 1457 2168 per

138 2179 350 2239 faffiorzcs
365 2181 477 2242 suas
494 2181 681 2241 consules
707 2184 848 2228 adorti
876 2201 894 2227 e
929 2183 1034 2227 eut?
1054 2201 1141 2227 nou
1167 2185 1276 2227 euim
1290 2182 1457 2243 simper

154 2257 348 2299 Valerios
378 2255 661 2315 Horatiosque
692 2255 876 2315 consules
897 2255 1023 2314 fore,
1058 2258 1128 2317 qui
1157 2258 1337 2301 libertati
1360 2258 1456 2315 ple-

149 2329 215 2373 bis
230 2327 341 2388 fica-s
360 2345 455 2388 opes
475 2327 733 2395 postfisrrerzt.
766 2331 898 2374 Forte
918 2327 1110 2391 quadam
1137 2327 1236 2373 utili
1261 2327 1316 2373 ad
1335 2339 1454 2373 tem-

149 2416 264 2464 pus,
295 2411 345 2446 ut
380 2401 578 2448 comitiis
611 2402 840 2465 praeesset,
877 2402 1153 2466 potiffimum
1190 2402 1252 2446 M.
1285 2400 1459 2447 Duilio

149 2475 272 2523 sorte
300 2476 483 2537 evenit,
513 2476 621 2524 viro
656 2477 896 2541 prudenti,
929 2480 979 2525 &
1013 2494 1069 2523 ex
1102 2474 1456 2523 continuatione

151 2551 433 2617 magistratus
473 2551 698 2604 invidiam
741 2553 1055 2603 imminentem
1101 2549 1323 2598 cernenti.
1377 2547 1466 2615 qui

1099 2622 1193 2686 Rs
