1582 2793
273 168 847 216 HISTORIARUM
894 172 1020 220 LIB.
1067 174 1166 221 111.
1308 188 1395 240 179

109 284 158 320 tu
186 276 448 339 &auspicio
478 276 569 339 agri
592 276 709 339 capti
739 278 891 338 priore
920 296 1040 326 anno
1072 282 1350 344 aliquantum
1370 299 1395 330 a

110 348 286 396 Volscis
317 349 429 395 ess'e:
461 350 644 396 Antium
662 387 674 408 ‚
697 352 1000 415 propinquam
1016 390 1029 410 ‚
1053 367 1358 415 opportunam
1377 391 1393 412 ‚

108 422 157 468 &
190 422 455 468 maritimam
488 423 671 480 urbem,
695 423 924 469 coloniam
956 425 1113 470 deduci
1144 427 1293 488 poffe:
1332 428 1393 474 ita

106 495 198 540 sme
218 495 409 558 querelis
433 495 725 558 poffess'orum
755 497 929 558 plebem
958 496 1004 541 iu
1033 513 1163 560 agros
1200 499 1392 558 ituram,

105 568 335 616 civitatem
364 570 410 615 in
438 570 686 616 concordia
709 570 820 617 fore.
861 572 970 617 Haec
995 570 1210 617 sententia
1235 591 1392 637 accep-

106 655 151 688 ta
171 642 244 688 est.
277 643 569 690 Triumviros
589 659 699 706 agro
725 643 875 689 dando
895 656 1013 689 creat
1030 645 1084 690 T.
1109 644 1390 706 Quinctium,

104 716 160 761 A.
182 715 460 777 Virginium,
496 717 539 762 P.
570 716 763 763 Furium.
798 715 893 775 juffi
929 715 1112 762 nomina
1146 717 1278 775 dare,
1313 721 1391 782 qui

105 803 262 849 agrum
290 786 491 849 accipere
518 788 700 834 vellent.
736 789 855 834 Fecit
887 787 1027 834 statim
1051 787 1132 851 (ut
1158 787 1243 850 fit)
1271 788 1390 835 fasti·

104 858 227 903 dium
252 859 382 919 copia
405 876 414 903 :
437 859 641 922 adeoque
676 859 806 921 pauci
832 861 1015 905 nomina
1045 861 1233 919 dedere3
1260 877 1308 907 ut
1335 861 1390 907 ad

102 931 378 993 explendum
423 948 655 978 numerum
696 933 853 978 coloni
895 933 1051 979 Volsci
1092 935 1389 981 adderentur:

105 1017 250 1051 cetera
269 1005 509 1050 multitudo
529 1005 711 1066 poscere
731 1006 891 1051 Romae
909 1023 1060 1069 agrum
1082 1008 1234 1065 malle,
1254 1024 1391 1072 quam

102 1076 210 1123 alibi
237 1078 454 1139 accipere.
496 1076 633 1140 AEqui
665 1094 689 1122 a
712 1078 772 1136 Q.
792 1077 929 1123 Fabio
951 1077 1019 1141 (is
1045 1093 1101 1123 eo
1121 1095 1223 1125 cum
1256 1094 1389 1125 exer-

101 1149 194 1195 citu
222 1147 444 1212 venerat)
467 1167 622 1212 pacem
655 1151 822 1212 petiere
840 1184 854 1209 ‚
884 1150 1142 1214 irritamque
1177 1169 1273 1199 eam
1305 1152 1389 1216 ipfi

99 1220 239 1268 subita
269 1221 522 1268 incursione
551 1221 598 1267 in
629 1239 785 1285 agrum
819 1223 1021 1270 Latinum
1055 1223 1211 1271 fecere.

181 1298 231 1342 11.
267 1297 328 1355 Q.
363 1295 581 1342 Servilius
611 1295 862 1359 insequenti
893 1315 1014 1344 anno
1042 1299 1106 1358 (is
1132 1300 1251 1346 enim
1283 1316 1387 1347 cum

98 1371 172 1434 Sp.
218 1369 450 1417 Postumio
483 1370 640 1416 consul
679 1370 802 1435 fuit)
838 1372 883 1417 in
915 1373 1090 1437 AEquos
1122 1374 1302 1434 missus,
1336 1375 1386 1421 in

97 1443 262 1490 Latino
292 1459 400 1507 agro
433 1443 589 1490 stativa
619 1444 784 1492 habuit.
833 1445 948 1492 intra
977 1446 1111 1492 castra
1145 1447 1270 1511 quies
1301 1464 1386 1495 ne-

96 1515 276 1564 cessaria
311 1517 476 1564 morbo
510 1518 778 1581 implicitum
812 1519 1059 1566 exercitum
1087 1522 1243 1568 tenuit.
1290 1525 1385 1569 Ex·-

96 1592 283 1638 traEtum
314 1590 361 1637 in
390 1591 569 1638 tertium
595 1609 759 1638 annum
783 1592 946 1638 bellum
971 1593 1059 1651 est,
1089 1595 1150 1654 Q.
1174 1595 1309 1641 Fabio
1332 1597 1385 1643 δε

97 1668 154 1714 Τ.
176 1666 394 1727 Quinffio
414 1666 684 1713 consulibus.
719 1667 855 1714 Fabio
881 1680 1006 1714 extra
1028 1669 1258 1727 ordinem,
1279 1671 1384 1733 quia

95 1739 134 1786 is
165 1739 314 1785 vistor
342 1755 496 1802 pacem
520 1737 675 1804 AEquiS
698 1741 904 1798 dederat,
929 1757 978 1787 ea
998 1742 1239 1804 provincia
1266 1744 1382 1792 data.

94 1813 202 1876 qui,
225 1813 344 1859 haud
364 1812 498 1860 dubia
518 1813 592 1877 spe
623 1814 848 1876 profec'tus
864 1849 879 1873 ,
905 1813 1066 1861 famam
1098 1815 1296 1862 nominis
1316 1816 1381 1864 sui

95 1898 351 1950 pacaturam
372 1888 542 1950 AEquos
558 1923 571 1944 ‚
591 1886 761 1950 legatos
779 1888 823 1933 in
846 1887 1091 1933 concilium
1112 1889 1253 1951 gentis
1275 1888 1381 1935 mis-

94 1958 168 2006 sos
202 1959 404 2004 nuntiare
439 1957 587 2019 juffit:
625 1963 682 2021 Q.
708 1963 883 2005 Fabium
918 1960 1122 2020 confidem
1153 1963 1278 2006 dicere
1297 1995 1310 2016 ,
1328 1960 1380 2021 fi

92 2049 148 2077 ex
179 2034 334 2093 AEquis
360 2050 506 2092 pacem
547 2034 728 2077 Romam
769 2030 930 2095 tuliffe‚
967 2035 1019 2077 ab
1053 2035 1194 2078 Roma
1220 2036 1380 2094 AEqui5

95 2109 242 2153 bellum
269 2105 409 2170 afflrre
428 2141 441 2162 ,
465 2110 603 2152 eadem
636 2111 782 2153 dextra
817 2125 1004 2162 armata,
1029 2126 1153 2169 quam
1179 2126 1377 2187 pacatam

93 2182 182 2225 illis
226 2196 348 2225 antea
389 2183 562 2225 dederat
610 2199 779 2240 quorum
816 2184 866 2226 id
898 2182 1074 2241 perfidia
1113 2179 1156 2226 δ’
1190 2180 1377 2241 perjurio

86 2253 193 2312 fiat,
215 2254 335 2298 Deos
352 2273 463 2299 nunc
480 2255 588 2320 testes
605 2252 701 2317 effi,
720 2272 822 2299 mox
830 2252 926 2311 fore
943 2256 1105 2298 ultores.
1138 2255 1192 2297 Se
1210 2269 1276 2297 ται
1273 2271 1345 2297 zen
1358 2286 1376 2309 ,

91 2341 289 2385 utcunqu«
302 2326 387 2388 sit,
407 2330 528 2372 etiam
550 2324 1166 2386 mmc‚poeniteresi1asponte
1187 2327 1375 2383 AE-Juos,

90 2415 215 2457 quam
242 2402 341 2458 pati
369 2399 560 2462 lzostclia,
579 2403 715 2444 malle.
751 2400 801 2443 Si
821 2400 1048 2458 paeniteat,
1076 2412 1208 2442 tutum
1243 2415 1320 2441 rec⁴⁷
1305 2416 1375 2456 p-

91 2485 179 2516 tum
208 2473 268 2517 ad
291 2487 496 2532 expertam
527 2474 781 2518 clementiam
802 2470 898 2529 sore
919 2489 935 2517 .·
959 2469 1034 2533 fin
1061 2469 1245 2530 perjurio
1267 2486 1375 2530 gau-

955 2544 1065 2588 ΜΖ
