1582 2793
202 154 289 217 156
548 151 1118 204 T1T1L1V11

196 260 332 307 fabia
353 277 460 324 gens
490 261 685 310 senatum
711 263 834 311 adiit.
877 263 1035 311 consul
1067 279 1151 327 pro
1180 275 1310 328 gente
1330 258 1485 330 loqui·

195 344 300 381 tur:
332 335 510 397 Affiduo
529 342 666 399 magis
685 374 697 394 ‚
718 359 844 401 quam
873 358 1054 401 magno,
1080 340 1271 404 praefidio
1288 376 1303 398 ,
1331 358 1379 387 ut
1396 342 1485 402 sci-
1555 382 1558 383 γ

196 412 285 466 tis,
312 413 455 456 Patres
493 412 740 472 conscripti,
771 415 921 457 bellam
954 418 1002 457 V
996 413 1106 469 ejens
1140 430 1236 475 eget.
1276 418 1366 460 Vos
1396 417 1487 460 alia

195 483 304 527 bella
334 498 467 527 curate
487 501 503 528 .·
530 485 686 528 Fabios
716 484 842 548 hostes
864 484 1111 542 Vejentibus
1142 488 1249 532 date.
1286 487 1487 532 Auc‘lores

185 557 370 616 ficmus,
402 573 532 602 tutam
572 560 630 602 ibi
664 557 914 624 majestatem
950 560 1140 604 Romam·
1168 564 1355 607 nominis
1375 560 1488 619 fhre.

195 631 389 696 Nostrzmz
410 633 459 675 id
474 632 596 675 nobis
617 633 727 676 velut
738 629 960 687 familiare
989 633 1139 676 bellum
1159 668 1174 688 ,
1187 636 1358 693 privato
1365 633 1487 693 ficm-

195 720 240 749 tu
262 723 390 766 gerere
418 708 464 749 ia
484 707 628 749 animo
656 706 718 772 est.
753 705 1002 765 Respublica
1023 703 1065 752 δ’
1084 709 1213 751 milite
1232 709 1320 752 illic
1346 706 1390 753 ὃ·
1412 725 1488 767 pe·

197 780 324 821 cunia
352 793 477 822 vacet.
520 776 691 822 Gratiae
719 775 921 838 ingentes
952 778 1074 824 aftae.
1114 777 1287 824 Consul
1312 792 1336 825 e
1364 779 1488 826 curia

196 848 416 911 egressus,
440 849 686 896 comitante
719 848 961 896 Fabiorum
990 850 1194 914 agmine,
1224 850 1302 915 qui
1333 850 1381 897 in
1408 868 1488 898 ve·

196 920 360 967 stibulo
390 922 555 979 curiae,
585 919 1018 968 senatusconsultum
1054 922 1383 986 exspessantes,
1403 922 1489 970 ste-

196 1004 342 1039 terant
362 1028 377 1051 ‚
399 994 586 1040 domum
616 992 760 1040 rediit.
795 992 897 1040 Juffi
930 996 1087 1040 armati
1117 993 1302 1056 postero
1330 996 1402 1042 die
1433 995 1489 1042 ad

195 1065 335 1111 limen
371 1064 568 1112 consulis
603 1065 745 1111 adeffe
761 1100 777 1122 ,
799 1066 962 1112 domos
983 1066 1087 1113 inde
1109 1066 1354 1116 discedunt.

262 1140 424 1185 XLIX.
440 1140 597 1184 Manat
616 1150 715 1184 tota
734 1138 845 1184 urbe
864 1155 1044 1186 rumor:
1063 1140 1222 1187 Fabios
1242 1141 1298 1188 ad
1318 1142 1489 1190 coelum

195 1211 400 1260 laudibus
439 1212 600 1259 ferunt.
655 1212 887 1259 Familiam
923 1230 1061 1260 unam
1098 1213 1254 1262 subisse
1292 1215 1488 1264 civitatis

196 1300 344 1331 onus:
377 1284 541 1346 Vejens
573 1284 743 1332 bellum
777 1285 824 1332 in
853 1286 1078 1349 privatam
1112 1306 1294 1348 curam,
1324 1291 1371 1338 in
1398 1293 1488 1355 pri-

197 1372 300 1407 vata
322 1377 443 1407 arma
461 1359 654 1406 versum.
690 1360 735 1406 Si
761 1359 846 1407 fint
878 1361 977 1408 duae
1006 1362 1189 1410 roboris
1216 1363 1409 1425 ejusdem
1440 1367 1488 1415 in

195 1435 305 1480 urbe
333 1445 516 1498 gentes;
545 1432 817 1495 deposcant,
837 1434 933 1480 hae‘c
961 1435 1155 1483 Volscos
1184 1437 1292 1497 fibi,
1311 1439 1386 1486 illa
1406 1441 1487 1488 AE-

196 1524 341 1571 quos:
374 1508 552 1571 populo
573 1508 785 1554 Romano
812 1509 1099 1572 tranquillam
1123 1529 1279 1574 pacem
1299 1530 1486 1578 agente,

197 1596 355 1627 omnes
391 1579 608 1627 finitimos
643 1579 785 1644 subigi
820 1581 1021 1644 populos
1060 1584 1195 1646 poffe.
1247 1587 1368 1633 Fabii
1401 1604 1489 1650 po-

198 1652 315 1701 stero
348 1654 419 1701 die
449 1672 570 1701 arma
601 1654 787 1717 capiunt
816 1673 826 1701 :
871 1672 967 1718 quo
997 1655 1093 1716 juffi
1128 1669 1278 1715 erant,
1311 1674 1487 1705 conve-

199 1728 343 1775 niunt.
391 1728 596 1786 Consul,
627 1720 862 1790 paludatus
896 1729 1152 1792 egrediens,
1182 1730 1230 1777 in
1259 1730 1486 1779 vestibulo

198 1815 376 1866 gentem
407 1813 589 1849 omnem
624 1802 744 1848 suam
777 1801 993 1850 instruflo
1038 1804 1212 1868 agmine
1239 1804 1375 1853 videt.
1414 1823 1486 1854 ac·

198 1888 352 1937 ceptus
375 1877 419 1921 in
440 1877 634 1922 medium
649 1912 662 1935 ,
680 1876 798 1940 signa
818 1876 923 1923 ferri
941 1877 1077 1937 jubet.
1098 1879 1342 1942 Nunquam
1361 1895 1489 1927 exer-

198 1948 311 1994 citus
338 1966 484 2011 neque
512 1950 664 1995 minor
692 1965 883 1995 numero
901 1986 913 2006 ,
939 1967 1086 2014 neque
1106 1950 1272 1997 clarior
1292 1949 1407 1998 fama
1435 1953 1486 1999 &

199 2021 496 2068 admiratione
528 2023 766 2069 hominum
784 2058 798 2079 ‚
819 2039 898 2085 per
921 2023 1079 2069 urbem
1108 2023 1295 2071 inceffit.
1329 2024 1414 2070 Sex
1435 2026 1486 2072 &

197 2094 387 2140 trecenti
411 2095 599 2154 milites,
620 2113 777 2143 omnes
805 2098 1009 2158 patricii,
1029 2116 1187 2146 omnes
1215 2099 1346 2144 unius
1374 2115 1484 2162 gen-

197 2164 286 2221 tis,
319 2181 512 2226 quorum
549 2169 774 2215 neminem
812 2170 971 2216 (lucem
1010 2170 1236 2233 sperneret
1278 2171 1485 2235 egregius

198 2236 471 2300 quibuslibet
499 2242 781 2303 temporibus
806 2242 978 2290 senatus
992 2280 1006 2302 ‚
1027 2244 1152 2290 ibant
1167 2280 1180 2302 ,
1202 2245 1337 2292 unius
1358 2244 1485 2292 fami-

197 2309 270 2356 liae
297 2309 468 2358 viribus
496 2313 677 2372 Vejenti
702 2315 879 2377 populo
904 2316 1072 2378 pestem
1100 2316 1369 2364 minitantes.
1403 2318 1484 2364 Se-

195 2382 418 2444 quebatur
440 2385 595 2442 turba,
616 2386 796 2448 propria
816 2387 899 2433 alia
921 2402 1220 2452 cognatorum
1240 2390 1483 2437 sodalium-

195 2471 283 2519 que
301 2491 315 2514 ,
336 2455 447 2504 nihil
466 2458 688 2518 medium,
710 2476 793 2508 nec
816 2460 958 2525 spem,
981 2480 1065 2512 nec
1095 2481 1275 2525 curam,
1299 2464 1371 2511 sed
1394 2463 1481 2511 im-
