1582 2793
143 144 229 192 166
490 145 1050 196 TITILIVII

138 251 440 301 intercederet
482 255 644 318 aliquis
681 273 738 302 ex
775 257 1010 321 collegio,
1051 257 1223 305 3Ξ’ἑῖοΞΞ
1212 269 1316 305 =tate
1354 270 1433 309 aut

136 324 374 372 consulum
391 339 466 373 aut
488 329 745 392 principum
772 329 933 376 adduci
956 331 1130 394 possem
1162 348 1230 377 res
1251 343 1431 392 tamen,

135 397 218 446 suo
244 398 336 463 ips-a
368 401 603 449 molimine
636 404 814 467 gravis,
837 405 1112 452 cettarninib¹
1104 423 1153 453 is
1185 407 1231 452 in
1264 424 1433 456 annum

135 471 397 520 extrahitur.
433 475 562 522 Plebs
582 475 867 522 Voleronem
895 477 1134 523 tribunum
1163 477 1324 526 reficit.
1350 479 1432 526 Pa-

135 557 254 604 tr‚es
287 547 343 593 ad
368 548 577 595 ultimum
600 547 907 596 dimicationis
937 550 1021 596 rati
1050 568 1144 598 rem
1163 565 1432 612 venturam,

135 620 222 682 Ap.
246 620 487 669 Claudium
506 658 520 679 ,
558 622 696 686 Appii
720 621 864 670 filium
881 660 896 682 ,
920 622 1009 685 jam
1044 624 1150 672 inde
1180 644 1205 673 a
1236 628 1434 689 paternis

135 695 455 742 certaminibus
492 696 689 743 invisum
727 696 1027 761 infestumque
1063 700 1220 761 plebi,
1250 701 1432 757 >consu·

134 764 226 812 lem
261 766 447 814 faciunt.
481 768 671 832 Collega
704 770 744 816 ei
773 769 829 816 T.
850 769 1094 830 Quinfflus
1121 773 1262 820 datur.
1298 772 1434 820 Prin-

132 838 258 901 cipio
278 838 424 887 statim
451 841 559 887 anni
584 842 701 888 nihil
733 842 857 905 prius
877 878 891 900 ‚
927 860 1060 907 quam
1093 844 1147 891 de
1172 845 1293 909 lege,
1324 863 1432 910 age-

132 914 279 962 batur.
323 913 397 961 sed
424 927 473 962 ut
495 915 715 964 inventor
739 917 847 981 legis
868 918 1043 966 Volero
1061 954 1075 978 ‚
1095 919 1153 966 fic
1177 921 1429 980 Laetorius‚

133 987 312 1053 collega
330 987 450 1051 ejus,
465 991 622 1037 auclor
643 1008 747 1038 cum
767 992 1022 1050 recentior,
1040 1004 1137 1039 tum
1153 994 1303 1041 acrior
1320 1010 1429 1045 erat.

135 1063 353 1111 Ferocem
386 1062 578 1111 faciebat
606 1065 714 1111 belli
751 1065 896 1129 gloria
916 1066 1098 1129 ingen83
1127 1068 1254 1130 quod
1287 1071 1432 1118 aetatis

133 1134 229 1195 ejus
259 1135 377 1183 haud
412 1137 648 1201 quisquam
672 1156 805 1187 manu
825 1141 1053 1203 promtior
1085 1153 1193 1187 erat.
1234 1143 1272 1195 Is
1289 1179 1302 1201 ‚
1326 1160 1431 1191 cum

135 1208 316 1254 Volero
335 1209 448 1255 nihil
465 1246 479 1268 ‚
497 1223 794 1275 praeterquam
822 1212 875 1258 de
901 1212 997 1277 lege
1015 1250 1029 1272 ,
1049 1213 1338 1277 loqueretur,
1361 1217 1430 1264 in-

135 1282 377 1331 sectatione
396 1285 620 1343 abstinens
640 1286 875 1334 consulum
889 1323 903 1345 ,
920 1287 1011 1352 ipse
1029 1288 1075 1334 in
1095 1288 1431 1341 accusationem

135 1357 303 1420 Appii,
329 1357 602 1424 familiaeque
629 1360 945 1424 superbiffimae
975 1380 1026 1409 ac
1047 1363 1352 1410 crudeliffimae
1382 1364 1430 1412 in

133 1430 312 1492 plebem
325 1432 598 1492 Romanam,
613 1434 816 1493 exorsus,
835 1451 935 1482 cum
952 1453 977 1482 a
992 1435 1193 1483 Patribus
1213 1452 1307 1482 non
1324 1454 1430 1484 con-

131 1504 298 1564 sulem,
333 1505 406 1554 sed
435 1507 693 1555 carnificem
711 1508 767 1555 ad
792 1509 1046 1557 vexandam
1068 1511 1118 1558 ὅ(
1146 1511 1429 1559 lacerandam

132 1580 342 1643 plebem,
363 1595 559 1630 creatum
580 1583 664 1630 effe
686 1583 1008 1638 contenderet;
1030 1583 1154 1629 rudis
1177 1583 1223 1629 in
1244 1584 1438 1630 militari

132 1656 320 1703 homine
350 1657 502 1721 lingua
531 1675 628 1706 non
654 1658 916 1722 suppetebat
944 1658 1140 1704 libertati
1165 1659 1428 1724 animoque.

130 1730 286 1792 Itaque
302 1765 315 1787 ,
334 1728 570 1777 deficiente
591 1731 827 1789 oratione,
861 1733 1218 1792 Quandoquidem
1242 1751 1328 1777 non
1343 1732 1429 1792 fa-

132 1805 209 1849 cile
243 1808 419 1864 loquor,
454 1803 604 1868 inquit
622 1843 638 1863 ‚
679 1807 894 1867 Quirites,
929 1825 1085 1867 quam,
1123 1809 1236 1868 quod
1269 1811 1429 1855 locutus

120 1877 219 1937 ficm
239 1912 252 1935 ,
274 1880 420 1945 praesto
431 1897 450 1933 ,·
476 1881 650 1947 crastino
680 1884 746 1926 die
773 1880 917 1940 adeste.
950 1883 1047 1941 Ego
1067 1883 1134 1926 hic
1151 1899 1229 1926 auc
1257 1885 1302 1927 itz
1325 1899 1427 1928 con-

119 1950 265 2013 speflu
293 1954 419 2021 vestro
448 1956 634 2011 moriar,
668 1970 743 1999 aut
765 1953 972 2015 perfhram
1003 1958 1141 2016 legem.
1183 1957 1428 2017 Occupant

128 2023 302 2072 ‘tribuni
343 2026 562 2090 templum
596 2027 779 2089 postero
821 2027 906 2074 die.
954 2027 1159 2074 consules
1193 2027 1431 2075 nobilitas*

127 2112 217 2159 que
250 2098 305 2144 ad
328 2093 660 2162 impediendam
679 2101 822 2165 legem
843 2100 891 2147 in
913 2100 1140 2148 concione
1161 2100 1425 2149 consistunt.

126 2171 401 2220 Submoveri
434 2175 654 2222 Laetorius
687 2174 809 2237 jubet
831 2211 846 2234 ,
873 2189 1173 2238 praeterquam
1211 2174 1292 2238 qui
1327 2173 1422 2221 suf*

126 2244 316 2308 fragium
349 2245 516 2293 ineant.
563 2247 883 2294 Adolescentes
911 2248 1087 2293 nobiles
1120 2246 1319 2304 stabant,
1352 2247 1427 2294 ni-

128 2316 196 2363 hil
222 2318 428 2365 cedentes
456 2318 638 2366 viatori.
674 2331 767 2366 tum
792 2336 846 2367 ex
873 2319 938 2365 his
967 2320 1185 2381 prehendi
1208 2318 1426 2382 quosdam

127 2391 352 2439 Laetorius
369 2390 506 2454 jubet.
543 2392 715 2439 Consul
738 2393 909 2456 Appius
932 2409 1090 2456 negare
1109 2429 1122 2452 ‚
1147 2393 1215 2455 jus
1241 2393 1324 2440 effe
1347 2392 1426 2439 tri-

128 2463 255 2515 buno
288 2464 335 2515 in
360 2483 653 2535 quenquam,
686 2466 767 2516 nisi
805 2468 851 2515 in
879 2465 1120 2534 plebe-jum.
1158 2466 1270 2514 Non
1304 2466 1427 2516 enim.
