1582 2793
269 223 869 272 HISTORIARUM
919 227 1053 274 LIB.
1095 229 1158 276 11.
1265 239 1350 290 105

61 330 336 390 custodiam,
367 348 423 378 ne
443 333 552 395 quid
571 333 766 380 Romam
788 332 1002 381 frumenti
1031 334 1217 384 subvehi
1241 335 1354 382 sinc-

60 415 156 461 ret‚
185 404 234 450 &
253 416 303 450 ut
325 403 572 465 praedatum
604 405 770 452 milites
802 418 924 453 trans
956 406 1125 454 flumen
1159 425 1239 469 per
1267 423 1353 453 oc-

58 476 258 523 cationes
286 476 381 521 aliis
401 490 537 539 atque
567 477 663 523 aliis
703 477 816 525 locis
841 477 1094 539 trajiceret:
1131 479 1355 542 brevique

60 549 176 596 adeo
208 547 417 595 infestum
448 566 632 597 omnem
658 551 920 599 Romanum
945 569 1099 616 agrum
1125 553 1317 599 reddidit
1336 588 1354 609 ‚

58 634 110 669 ut
145 638 240 669 non
273 636 420 670 cetera
453 624 598 671 solum
630 642 687 672 ex
716 626 862 689 agris,
897 626 970 674 sed
1000 642 1137 690 pecus
1169 642 1357 689 quoque

58 712 196 743 omne
231 697 278 743 in
314 698 472 744 urbem
513 698 901 762 compelleretur,
937 716 1085 764 neque
1118 697 1355 762 quisquam

58 781 187 815 extra
222 782 377 832 portas
411 771 668 834 propellere
703 773 902 819 auderet.
949 773 1053 819 Hoc
1089 783 1264 818 tantum
1301 771 1356 816 li-

59 843 221 889 centiae
253 843 477 903 Etruscis,
504 861 600 890 non
629 857 753 891 metu
780 846 949 907 magis,
979 863 1115 908 quam
1136 844 1356 901 confili0‚

59 916 332 964 concefl'um.
377 935 573 981 namque
611 918 814 965 Valerius
848 918 1035 977 consul,
1073 919 1271 965 intentus
1307 916 1356 964 in

60 991 349 1038 occasionem
376 991 544 1037 multos
565 990 694 1037 simul
716 993 766 1039 &
788 992 952 1040 effusos
973 992 1228 1056 improviso
1246 991 1357 1038 ado-

59 1065 210 1111 riundi
231 1101 245 1121 ‚
278 1065 326 1111 in
362 1064 512 1127 parvis
551 1064 685 1112 rebus
721 1067 951 1130 negligens
981 1067 1136 1126 ultor,
1170 1083 1357 1130 gravem

60 1138 104 1185 se
137 1138 192 1184 ad
221 1136 394 1198 majora
422 1137 655 1185 vindicem
684 1138 902 1187 servabat.
933 1142 1089 1204 Itaque
1104 1177 1120 1198 ,
1150 1152 1200 1186 ut
1223 1141 1358 1187 elice-

61 1221 132 1259 ret
151 1210 447 1273 praedatoreS‚
477 1210 614 1259 edicit
646 1211 730 1259 suis
748 1249 762 1270 ‚
792 1213 975 1275 postero
1006 1215 1078 1262 die
1102 1214 1360 1277 frequentes

64 1295 196 1347 porta
240 1284 469 1348 Esquilina
489 1322 502 1344 ‚
543 1304 644 1351 quae
679 1289 948 1337 averfiffima
981 1289 1038 1336 ab
1072 1289 1201 1336 hoste
1232 1300 1359 1345 erat,

61 1358 341 1422 expellerent
375 1377 545 1423 pecus3
579 1360 768 1409 scituros
796 1362 841 1408 id
872 1363 1022 1410 hostes
1048 1375 1199 1422 ratus,
1229 1361 1359 1425 quod

63 1431 112 1478 in
159 1431 398 1482 obfidione
437 1434 487 1480 &
532 1432 648 1481 fame
695 1434 874 1482 servitia
918 1434 1056 1483 infida
1101 1435 1357 1499 transfuge-

62 1521 178 1552 rent.
210 1508 265 1552 Et
300 1505 437 1554 sciere
460 1507 657 1571 perfugae
681 1508 884 1564 indici0;
907 1511 1146 1574 multoque
1176 1510 1357 1573 plures,

64 1591 115 1635 ut
143 1579 189 1625 in
213 1579 334 1643 spem
361 1580 587 1627 universae
615 1582 804 1644 praedae,
835 1582 1004 1630 flumen
1026 1583 1272 1643 trajiciunt.
1308 1583 1357 1628 P.

65 1652 271 1701 Valerius
306 1652 410 1702 inde
445 1655 500 1701 T.
530 1655 815 1702 Herminium
850 1673 952 1702 cum
977 1655 1170 1704 modicis
1209 1654 1358 1717 copiis

65 1726 122 1772 ad
154 1725 400 1773 secundum
428 1726 623 1790 lapidem
659 1728 839 1775 Gabina
870 1729 946 1776 via
970 1729 1202 1777 occultum
1239 1744 1360 1775 con-

66 1800 205 1847 fidere
238 1800 387 1862 jubet:
420 1802 497 1864 Sp.
523 1799 723 1848 Lartium
750 1817 851 1847 cum
881 1801 1088 1863 expedita
1118 1800 1359 1862 juventute

65 1874 123 1923 ad
150 1887 327 1937 portam
355 1875 585 1922 Collinam
613 1874 748 1932 stare,
772 1874 920 1921 donec
942 1874 1081 1922 hostis
1108 1885 1365 1938 praetereat.v

68 1947 231 1994 deinde
262 1947 304 1994 se
325 1947 524 2009 objicere
542 1983 556 2004 ,
589 1963 644 1993 ne
670 1946 722 1992 fit
744 1946 800 1992 ad
820 1946 989 1993 flumen
1009 1947 1192 1994 reditus.
1228 1947 1358 1993 Con·

68 2016 216 2081 ¹sulum
249 2018 358 2064 alter
387 2020 444 2066 T.
468 2017 700 2065 Lucretius
719 2028 850 2079 porta
870 2018 912 2062 N
919 2017 1034 2063 aevia
1054 2034 1156 2065 cum
1181 2018 1364 2082 aliquot

68 2090 310 2154 manipulis
343 2091 538 2139 militum
572 2091 795 2155 egressus:
835 2091 926 2154 ipse
962 2091 1169 2138 Valerius
1199 2091 1359 2146 Coelio

68 2177 226 2211 monte
248 2164 462 2211 cohortes
486 2164 673 2211 delectas
701 2164 869 2212 educit.
911 2163 1050 2228 hique
1068 2164 1200 2227 primi
1220 2182 1355 2227 appa-

69 2253 198 2283 ruere
222 2236 352 2283 hosti.
384 2237 645 2284 Herminius
661 2273 675 2294 ,
698 2236 776 2283 ubi
797 2236 1040 2284 tumultum
1067 2236 1222 2295 senfit,
1245 2254 1356 2284 con<

71 2311 213 2357 currit
244 2328 301 2356 ex
336 2311 537 2367 infidiis;
575 2311 802 2376 versisque
832 2310 880 2357 in
903 2311 1134 2358 Valerium
1162 2310 1357 2361 Etruscis

70 2398 193 2449 terga
232 2385 377 2434 caedit.
415 2387 571 2434 dextra
598 2386 833 2450 laevaque,
863 2386 967 2433 hinc
996 2403 1020 2432 a
1049 2391 1189 2449 porta'
1211 2384 1356 2431 Colli·

69 2475 158 2515 na,
189 2457 314 2505 illinc
340 2459 396 2504 ab
417 2459 610 2516 Naevia,
642 2459 840 2506 redditus
867 2458 1055 2506 clamor.
1092 2458 1150 2504 ita
1179 2456 1276 2504 caesi
1307 2457 1355 2503 in

72 2527 222 2579 medio
250 2529 553 2592 praedatores,
588 2547 733 2596 neque
763 2531 819 2578 ad
851 2548 1051 2595 pugnam
1081 2531 1255 2580 viribus
1277 2548 1358 2595 pa-
