1582 2793
183 138 268 167 ιη
527 125 1084 174 TITILIVII

177 230 318 277 tribus
348 231 567 291 ostendit,
595 245 643 280 ut
673 234 931 281 consulatur
957 235 1091 298 plebi.
1127 247 1323 283 ceterum
1357 235 1466 283 deli-

178 304 404 359 berationi
421 306 474 352 de
487 306 683 354 maxima
703 308 881 372 quidem
901 308 996 366 illa,
1013 307 1082 355 sed
1098 322 1247 356 tamen
1262 321 1385 372 parte
1404 309 1467 355 ci·

179 377 334 425 vitatis
348 414 361 434 ‚
379 392 546 427 metum
568 397 653 442 pro
675 380 885 428 universa
914 383 1142 445 republica
1167 381 1468 432 intervenisse.

178 469 265 500 nec
289 453 431 516 posse,
449 472 550 502 cum
574 455 724 502 hostes
751 472 895 519 prope
916 458 972 504 ad
994 472 1146 519 portas
1165 459 1328 517 essent,
1346 458 1468 505 bello

182 527 458 589 praevertiffe
476 530 746 592 quidquam:
767 548 868 587 nec,
892 531 924 577 fi
946 532 998 578 fit
1016 532 1257 581 laxamenti
1277 533 1470 597 aliquid,

177 612 256 647 aut
284 601 404 663 plebi
432 603 669 650 honestum
691 604 798 662 effe,
818 604 896 652 nisi
916 607 1121 654 mercede
1156 608 1279 670 prius
1308 624 1472 669 accep-

182 687 226 722 ta
240 711 257 733 ‚
275 693 395 722 arma
415 693 500 738 pro
533 677 672 740 patria
694 695 788 724 non
815 678 1000 742 cepiffe;
1023 697 1171 744 neque
1193 681 1395 728 Patribus
1414 680 1474 727 sa-

183 748 240 795 tis
271 749 488 797 decorum
506 786 519 810 ,
545 768 626 814 per
656 765 824 799 metum
850 752 1031 816 potius,
1059 770 1192 817 quam
1227 753 1474 816 postmodo

183 822 457 883 voluntate,
476 825 645 872 afflictis
677 826 846 874 civium
883 825 1064 873 suorum
1096 826 1291 873 fortunis
1312 825 1477 873 consu·
1526 879 1530 887 x

184 896 324 944 luiffe.
363 899 599 946 Concioni
637 901 795 947 deinde
823 900 970 947 edicio
1007 900 1176 948 addidit
1201 899 1361 958 fidem,
1383 916 1478 962 quo

185 969 356 1029 edixit,
377 975 442 1018 Ne
464 978 556 1035 q'uis
584 978 710 1021 civem
731 978 971 1022 Romanum
999 975 1180 1021 vinc‘lum
1199 992 1276 1021 aut
1295 975 1479 1034 clausimz

185 1061 354 1101 teneret,
381 1066 460 1107 quo
477 1052 618 1093 minus
640 1052 675 1094 εἰ
693 1051 880 1094 nominis
899 1052 1046 1094 edendi
1067 1052 1186 1109 apud
1203 1048 1390 1107 consules
1400 1065 1481 1107 po-

186 1120 440 1186 tcstasfieret.
468 1123 535 1166 Ne
555 1124 650 1181 quis
678 1124 851 1177 militis,
868 1124 993 1166 donec
1016 1124 1060 1166 itz
1080 1123 1219 1187 castris
1241 1118 1349 1184 ffe,
1370 1121 1480 1164 bona
1499 1163 1509 1174 ⁴

179 1192 422 1254 poffideret‚
438 1210 513 1239 aut
528 1198 743 1240 venderet:
775 1196 923 1239 liberos
943 1194 1150 1254 nepotesve
1178 1193 1268 1248 ejus
1296 1210 1480 1238 morare-

190 1285 267 1313 tur.
304 1268 409 1314 Hoc
440 1267 681 1330 proposito
718 1267 864 1313 edicto
883 1304 897 1326 ‚
924 1270 1003 1324 &‚
1027 1267 1103 1329 qui
1131 1268 1313 1314 aderant
1345 1267 1482 1325 nexi,

183 1337 393 1401 »profiteri
423 1339 655 1401 extemplo
686 1338 896 1394 nomina;
922 1342 969 1386 &
988 1338 1187 1402 undique
1207 1357 1261 1386 ex
1283 1351 1378 1386 tota
1408 1356 1483 1385 ur-

191 1412 248 1458 be
278 1411 626 1476 proripientium
651 1411 692 1459 se
722 1430 777 1459 ex
796 1414 979 1476 privato
998 1449 1011 1471 ‚
1037 1430 1139 1459 cum
1170 1412 1391 1459 retinendi
1416 1412 1486 1473 jus

193 1487 411 1535 creditori
439 1504 535 1534 non
561 1485 688 1544 effet,
707 1487 951 1534 concursus
985 1487 1030 1532 in
1060 1486 1209 1533 forum
1226 1524 1241 1544 ‚
1274 1499 1323 1532 ut
1347 1484 1487 1532 sacra·

193 1573 352 1608 mento
379 1562 609 1620 dicerent,
637 1560 749 1609 fieri.
795 1564 960 1625 Magna
991 1579 1040 1608 ea
1076 1577 1232 1608 manus
1259 1559 1372 1614 fuit;
1404 1575 1486 1605 ne-

195 1651 288 1698 que
327 1634 521 1682 aliorum
557 1634 698 1697 magis
729 1634 775 1681 in
812 1634 984 1681 Volsco
1024 1633 1146 1680 bello
1181 1631 1326 1678 virtus
1353 1643 1489 1693 atque

197 1725 338 1771 opera
372 1708 549 1755 enituit.
596 1707 770 1755 Consul
791 1707 945 1769 copias
972 1720 1134 1754 contra
1164 1705 1340 1752 hostem
1374 1704 1487 1751 edu·-

198 1783 290 1829 cit:
318 1797 467 1843 parvo
495 1779 731 1826 dirimente
752 1778 992 1826 intervallo
1021 1777 1157 1825 castra
1181 1777 1325 1839 ponit.

284 1857 439 1902 XXV.
475 1854 689 1901 Proxima
728 1853 834 1899 inde
869 1853 1000 1899 ηοᾶε
1036 1850 1227 1907 Volsci,
1270 1848 1493 1896 discordia

202 1930 413 1976 Romana
442 1925 578 1986 freti,
613 1926 645 1973 fi
666 1942 754 1990 qua
775 1926 994 1971 nocturna
1023 1922 1231 1970 transitio
1260 1921 1492 1985 proditio-

203 2018 263 2049 ve
293 2001 390 2048 fieri
419 2002 552 2065 poffit
572 2035 587 2058 ‚
611 2011 786 2047 tentant
804 1998 956 2046 castra.
989 1997 1169 2044 Sensere
1200 1995 1384 2059 vigiles:
1409 2012 1494 2040 ex-

206 2074 368 2121 citatus
415 2073 672 2120 exercitus:
715 2072 842 2135 signo
887 2071 994 2117 dato
1031 2067 1300 2116 concursum
1338 2065 1399 2112 est
1439 2064 1494 2110 ad

206 2161 343 2193 arma.
390 2149 453 2192 Ita
487 2144 646 2193 frustra
680 2145 727 2191 id
760 2145 989 2207 inceptum
1024 2141 1200 2189 Volscis
1237 2140 1337 2186 fuit.
1383 2139 1495 2185 reli-

209 2236 353 2283 quum
390 2220 536 2267 noetis
573 2220 785 2284 utrinque
820 2218 960 2281 quieti
993 2218 1160 2263 datum.
1199 2214 1386 2260 Postero
1424 2212 1496 2259 (lie

210 2292 355 2356 prima
389 2292 490 2338 luce
522 2292 712 2350 Volsci,
747 2291 871 2338 foffis
908 2288 1121 2351 repletis,
1154 2286 1326 2333 vallum
1364 2286 1498 2333 inva-

213 2367 339 2414 dunt.
373 2367 555 2430 Jamque
581 2367 637 2413 ab
665 2365 792 2412 omni
812 2377 936 2428 parte
963 2362 1241 2410 munimenta
1266 2360 1499 2408 velleban-

215 2452 288 2487 tur
304 2476 320 2501 ,
356 2457 461 2490 cum
490 2439 676 2500 consul,
708 2455 968 2504 quanquam
1001 2436 1153 2486 cunCti
1185 2434 1386 2499 undique
1406 2467 1423 2493 ,
1447 2433 1502 2480 δε
