1582 2793
202 164 294 196 222
557 146 1136 196 TITI'LIVII

197 257 384 318 mirmfise
415 254 507 320 effit
524 292 539 314 ‚
573 254 812 316 conferrent.
852 260 944 304 Eas
970 264 1074 321 leges
1097 259 1335 306 habiturum
1355 270 1495 323 pqvuae*

194 336 282 379 lum
313 334 556 378 Romanum
576 367 590 390 ‚
619 350 726 393 quas
754 334 973 393 cons'eszstcs
1002 337 1191 380 omnium
1223 354 1310 382 non
1332 331 1491 400 jzfffiſjb

194 412 309 454 latas
335 411 472 471 magis
488 444 502 465 ‚
530 427 655 468 quam
677 407 808 471 tulzſjie
823 444 835 463 ,
858 413 990 455 ‘videri
1008 407 1151 473 pqffic.
1188 411 1308 457 Cum
1330 413 1385 458 ad
1411 429 1490 458 ru-

193 497 346 528 mores
372 481 612 528 hominum
643 482 698 527 de
717 498 1002 546 unoquoque
1036 486 1184 548 legum
1215 486 1360 549 capite
1391 486 1488 532 edi·-

192 567 244 601 to
276 553 378 603 satis
416 556 628 601 correctae
658 554 951 612 viderentur,
984 557 1246 604 centuriatis
1287 558 1487 606 comitiis

191 629 349 676 decem
367 629 620 675 tabularum
647 628 764 691 leges
780 628 958 691 perlatae
979 628 1107 676 sunt:
1132 632 1209 694 qui
1230 649 1349 680 nunc
1370 650 1489 697 quo-

189 720 281 765 que
299 738 312 761 ‚
343 703 389 748 in
423 703 513 748 hoc
543 701 761 747 immenso
782 701 969 748 aliarum
1004 703 1136 767 super
1165 705 1271 752 alias
1300 724 1486 754 acerva-

191 788 336 822 tarum
373 775 522 837 legum
556 774 774 832 cumulo,
809 774 914 822 fons
943 775 1093 823 omnis
1126 778 1297 841 publici
1327 780 1486 842 priva-

188 850 315 913 tique
341 848 401 895 est
420 848 542 910 juris.
579 848 798 912 Vulgatur
824 849 986 896 deinde
1008 868 1167 898 rumor
1185 888 1200 909 ,
1230 853 1337 899 duas
1358 853 1485 900 dees-

190 923 233 969 sc
253 921 423 969 tabulas
440 939 453 977 ;
473 920 636 984 quibus
656 919 834 982 adjeffls
848 958 862 980 ,
882 921 1060 970 absolvi
1082 924 1205 986 poffe
1226 925 1351 971 velut
1371 942 1478 972 cor-

189 1010 275 1057 pus
300 993 451 1039 omnis
474 991 672 1039 Romani
689 990 814 1053 juris.
851 996 914 1039 Ea
940 994 1211 1056 exspeclatio
1229 1031 1243 1054 ‚
1264 1013 1367 1043 curn
1387 996 1482 1043 dies

189 1065 487 1114 comitiorum
519 1064 929 1128 appropinquaret,
954 1067 1221 1114 defiderium
1248 1068 1481 1116 decemvi-

187 1157 265 1189 ros
299 1139 460 1186 iterum
491 1138 672 1185 creandi
702 1136 822 1185 fecit.
859 1140 952 1186 Jam
988 1140 1144 1202 plebs,
1181 1130 1480 1205 praeterquam

185 1214 313 1279 quod
342 1212 579 1261 consulum
609 1228 779 1259 nomen
798 1249 812 1271 ,
843 1213 962 1259 haud
991 1213 1117 1261 secus
1143 1231 1277 1278 quam
1298 1230 1479 1277 regum,

184 1286 344 1352 perosa
366 1298 488 1344 erat,
518 1301 575 1331 ne
607 1284 905 1333 tribunicium
927 1286 1113 1351 quidem
1141 1287 1383 1347 auxilium,
1406 1307 1477 1336 ce-

185 1361 394 1409 dentibus
425 1360 625 1408 invicem
660 1359 965 1424 appellatione
1009 1360 1313 1420 decemviris,
1348 1378 1476 1425 quae-

183 1436 363 1494 rebat„

265 1508 489 1554 XXXV.
532 1505 775 1570 Postquam
815 1521 932 1553 vero
976 1505 1163 1553 comitia
1205 1506 1477 1556 decemviris

185 1581 384 1628 creandis
415 1580 462 1625 in
498 1578 668 1625 trinum
707 1578 958 1624 nundinum
990 1577 1156 1626 indicia
1188 1579 1315 1636 sunt3
1352 1593 1476 1627 tanta

183 1654 346 1702 exarsit
373 1652 560 1700 ambitio
576 1688 589 1710 ‚
611 1664 661 1698 ut
679 1653 902 1715 primores
923 1668 1107 1715 quoque
1133 1652 1333 1700 civitatis
1357 1653 1474 1717 (me-

182 1740 232 1774 tu
258 1727 422 1785 credo,
446 1742 502 1772 ne
534 1725 646 1772 tanti
675 1724 883 1787 poffeffio
917 1723 1126 1787 imperii,
1157 1741 1309 1772 vacuo
1339 1728 1395 1772 ab
1430 1726 1472 1772 so

182 1802 341 1848 relicto
370 1800 502 1859 loco,
524 1798 644 1845 haud
676 1797 775 1844 satis
806 1797 950 1861 dignis
981 1796 1185 1861 pateret)
1211 1798 1471 1862 prensarent

181 1874 416 1928 homines;
438 1873 690 1931 honorem,
717 1870 887 1918 summa
913 1888 1002 1935 ope
1023 1890 1048 1919 a
1066 1872 1108 1918 se
1133 1873 1470 1936 impugnatum,

180 1949 235 1995 ab
260 1965 308 1995 ea
332 1947 482 2010 plebe,
501 1963 604 1992 cum
624 1961 712 2007 qua
734 1946 1089 2003 contenderant,
1111 1945 1371 2009 suppliciter
1392 1964 1467 2009 pe·-

179 2033 337 2067 tentes.
374 2019 575 2067 Demiffa
603 2017 692 2079 jam
718 2018 765 2065 in
788 2017 1026 2065 discrimen
1050 2018 1268 2082 dignitas,
1288 2035 1337 2064 ea
1359 2032 1468 2065 aeta-

179 2105 249 2149 tc,
283 2092 422 2155 iisque
455 2092 708 2138 honoribus
749 2092 883 2149 aclis,
915 2090 1167 2145 stimulabat
1197 2093 1283 2154 Ap.
1321 2090 1467 2137 Clau-

178 2167 317 2212 dium.
344 2164 533 2212 nescires
550 2201 564 2223 ‚
595 2178 747 2211 utrum
774 2165 891 2211 inter
917 2164 1234 2221 decemviros,
1257 2181 1313 2210 an
1347 2162 1466 2211 inter

180 2241 474 2297 candidatos,
504 2257 777 2288 numerares.
820 2239 1018 2303 Propior
1051 2239 1277 2286 interdum
1306 2253 1464 2303 peten-

179 2315 239 2361 do
255 2351 269 2370 ‚
289 2331 424 2377 quam
447 2313 668 2378 gerend0‚
692 2313 962 2376 magistratui
993 2326 1098 2360 erat.
1129 2311 1356 2360 criminari
1379 2329 1462 2375 op-

178 2387 380 2443 timates,
401 2385 618 2433 extollere
646 2386 989 2432 candidatorum
1008 2385 1277 2433 leviffimum
1300 2402 1461 2449 quen]-

175 2476 263 2522 que
293 2458 699 2522 humillimumque.
727 2457 816 2521 ipsc
847 2458 1020 2504 medius
1048 2459 1165 2504 inter
1191 2458 1461 2504 tribunicios
