1582 2793
179 202 235 251 52
527 186 1101 236 T1T1L1V11

172 293 421 343 emittebat.
458 294 562 343 Hoc
593 308 688 343 tum
708 297 852 344 modo
871 297 927 344 ab
949 297 1118 345 Latinis
1145 299 1349 362 repetitae
1367 317 1436 348 res
1452 337 1468 361 ‚

171 386 223 416 ac
257 367 427 417 bellum
445 368 687 417 indiElum:
722 386 989 435 moremque
1014 387 1118 418 eum
1144 372 1312 435 posteri
1339 390 1470 422 acce-

167 453 346 506 petunt.

238 518 455 566 XXXIII.
491 518 643 564 Ancus
662 553 675 575 ‚
708 516 973 564 demandata
992 535 1099 566 cura
1129 517 1363 567 sacrorum
1383 519 1468 568 fla-

169 591 370 639 minibus
389 588 784 653 sacerdotibusque
816 589 938 648 aliis‚
966 592 1167 640 exercitu
1198 610 1331 641 novo
1352 610 1470 641 con-

171 665 341 728 scripto
370 662 622 727 prosettus,
662 662 965 722 Politorium,
994 665 1152 712 urbem
1173 666 1467 725 Latinorum,

169 738 222 787 vi
255 738 406 800 cepit3
443 735 704 799 secutusque
732 753 909 783 morem
940 753 1093 801 regum
1117 738 1356 800 priorum,
1386 741 1468 805 qui

168 829 266 860 rem
297 814 550 857 Romanam
584 822 801 857 auxerant
832 810 1034 858 hostibus
1055 812 1101 857 in
1122 812 1356 861 civitatem
1389 831 1468 863 ac-

170 885 421 949 cipiendis,
453 882 795 930 multitudinem
816 900 1003 931 omnem
1024 885 1218 933 Romam
1252 887 1466 937 traduxit.

168 962 219 1006 ὅ(
236 996 249 1017 ,
281 975 383 1006 cum
408 957 527 1004 circa
556 957 772 1004 Palatium
790 994 804 1015 ‚
829 957 974 1005 sedem
1004 972 1209 1008 veterum
1229 962 1468 1010 Romano-

169 1050 267 1081 rum
281 1071 294 1090 ,
307 1032 459 1079 Sabini
472 1032 756 1094 Capitolium
771 1045 904 1096 atque
922 1050 1093 1093 arcem,
1110 1034 1314 1082 Coelium
1331 1052 1467 1084 mon-

169 1118 260 1154 tem
290 1105 455 1153 Albani
486 1105 771 1168 impleffent3
805 1107 1090 1154 Aventinum
1129 1125 1271 1156 novae
1305 1110 1465 1157 multi-

167 1178 316 1227 tudini
345 1178 512 1225 datum.
551 1177 691 1223 additi
722 1177 885 1224 eodem
916 1177 1035 1226 haud
1068 1181 1128 1227 ita
1165 1181 1314 1228 multo
1338 1182 1463 1245 post,

167 1252 369 1300 Tellenis
396 1251 648 1314 Ficanaque
676 1250 845 1314 captis,
877 1252 990 1301 novi
1014 1254 1150 1302 cives.
1187 1255 1463 1304 Politorium

167 1328 272 1374 inde
302 1325 448 1372 rursus
483 1324 605 1371 bello
629 1324 869 1388 repetitum
891 1361 905 1384 ,
933 1328 1060 1390 quod
1087 1345 1284 1377 vacuum
1318 1347 1463 1378 occu-

166 1409 388 1464 paverant
420 1395 555 1460 prisci
581 1397 743 1445 Latini.
775 1414 920 1462 eaque
949 1399 1078 1447 causa
1118 1402 1350 1449 diruendae
1382 1421 1461 1450 ur-

164 1472 233 1519 bis
267 1471 363 1533 ejus
396 1469 481 1516 fuit
498 1470 719 1517 Romanis
738 1507 752 1530 ,
789 1488 846 1518 ne
873 1471 1071 1520 hostium
1102 1472 1273 1537 semper
1306 1491 1462 1540 recep-

163 1546 366 1594 taculum
401 1544 522 1593 effet.
559 1545 829 1604 Postremo,
862 1547 990 1593 omni
1020 1547 1142 1595 bello
1172 1548 1337 1596 Latino
1359 1552 1462 1599 Me-

162 1620 350 1667 dulliam
380 1618 652 1681 compulso,
688 1618 964 1682 aliquamdiu
993 1619 1055 1667 ibi
1082 1623 1226 1669 Marte
1248 1622 1460 1683 incerto,

164 1694 292 1742 varia
335 1693 529 1741 victoria
565 1705 815 1757 pugnatum
864 1693 958 1741 estt
995 1712 1097 1742 nam
1133 1696 1183 1743 δι’
1219 1696 1324 1744 urbs
1360 1709 1457 1744 tuta

161 1766 519 1824 munitionibuS,
540 1767 841 1831 praeficlioque
861 1767 1035 1815 firmata
1057 1770 1213 1818 valido
1241 1784 1335 1818 erat
1349 1808 1362 1830 ,
1382 1774 1457 1831 &‚

160 1837 313 1886 castris
350 1838 396 1884 in
430 1850 592 1900 aperto
621 1838 811 1901 politis,
847 1839 1087 1903 aliquoties
1120 1843 1344 1890 exercitus
1368 1845 1456 1890 La-

158 1912 283 1959 tinus
314 1910 525 1958 cominus
550 1928 654 1958 cum
685 1911 904 1960 Romanis
930 1914 1052 1977 tigna
1079 1916 1345 1963 contulerat.
1382 1918 1456 1964 Ad

160 1985 369 2032 ultimum
392 2019 406 2042 ‚
441 1984 655 2030 omnibus
693 1986 839 2048 copiis
879 1987 1092 2033 connisus
1131 1991 1286 2037 Ancus
1308 2025 1323 2049 ,
1358 1991 1457 2038 acie

159 2061 357 2124 primum
380 2060 553 2107 vincit:
589 2060 721 2119 inde,
741 2061 913 2126 ingenti
946 2064 1093 2126 praeda
1123 2066 1300 2127 potitus
1318 2101 1331 2123 ‚
1355 2066 1454 2112 Ro-

156 2152 277 2183 mam
297 2134 437 2192 redit,
464 2146 560 2180 tum
585 2151 769 2198 quoque
795 2136 947 2183 multis
969 2137 1164 2183 millibus
1186 2138 1453 2186 Latinorum

155 2207 204 2254 in
233 2209 464 2255 civitatem
502 2209 731 2270 acceptis;
767 2210 933 2272 quibus
954 2247 967 2269 ,
996 2223 1045 2256 ut
1075 2210 1338 2273 jungeretur
1365 2215 1449 2259 Pa-

156 2280 269 2328 latio
290 2279 571 2325 Aventinum
596 2316 608 2334 ‚
642 2281 696 2325 ad
726 2282 915 2326 Murciae
947 2282 1061 2326 datae
1095 2281 1228 2328 sedes.
1267 2284 1449 2331 Janicu-

154 2353 249 2399 lum
285 2367 472 2415 quoque
509 2351 760 2410 adje&um;
798 2369 894 2398 non
933 2352 1089 2414 inopia
1126 2353 1255 2411 loci,
1289 2355 1361 2401 sed
1394 2373 1451 2404 ne

156 2427 340 2491 quando
362 2442 413 2471 ea
442 2443 519 2471 arx
549 2426 740 2472 hostium
763 2427 880 2472 effet.
917 2427 962 2472 id
983 2445 1078 2473 non
1109 2447 1242 2475 muro
1274 2429 1447 2488 solum,

156 2500 231 2548 sed
257 2500 415 2558 etiam,
437 2499 498 2546 ob
517 2499 893 2548 commoditatem
912 2499 1084 2547 itineris
1106 2536 1120 2561 ‚
1151 2514 1295 2565 ponte
1314 2501 1445 2550 subli-
