1582 2793
268 137 1161 212 HISTORIARUML113.1.¹
1301 176 1351 207 11

72 273 121 320 in
147 272 268 321 silvis
298 285 440 320 natus.
473 275 512 319 Is
532 272 704 319 AEnean
733 271 929 320 Silvium
957 285 1090 319 creat.
1125 273 1165 318 Is
1196 268 1358 317 deinde

70 345 276 395 Latinum
297 345 506 393 Silvium.
539 345 610 390 Ab
634 361 691 391 eo
714 343 912 392 coloniae
932 343 1108 407 aliquot
1134 344 1329 390 deductae
1345 375 1361 400 ‚

69 418 208 465 Prisci
226 419 374 466 Latini
392 418 615 482 appellati.
648 419 812 465 Manfit
833 418 1002 466 Silvius
1032 418 1183 480 postea
1207 417 1361 465 omni-

71 488 156 537 bus
186 507 476 554 cognomen,
509 492 586 555 qui
613 491 739 538 Albae
771 501 1026 555 regnarunt.
1066 490 1229 536 Latino
1250 488 1362 534 Alba

71 575 228 622 ortus,
257 564 371 610 Alba
401 566 547 628 Atys,
583 568 703 629 Atye
729 566 886 628 Capys
904 600 917 623 ‚
943 565 1105 627 Capye
1135 564 1362 625 Capetus,

72 636 250 698 Capeto
281 636 554 693 Tiberinus;
585 637 693 701 qui,
724 636 771 682 in
804 634 987 696 trajectu
1012 635 1188 682 Albulae
1217 633 1362 686 amnis

71 708 349 769 submersus,
380 711 550 757 celebre
579 711 635 756 ad
660 709 863 772 posteros
895 725 1064 756 nomen
1085 705 1262 754 flumini
1283 705 1363 751 de-

71 782 152 830 dit.
193 783 392 846 Agrippa
424 783 527 830 inde
557 782 763 830 Tiberini
800 781 949 839 filius;
985 782 1086 847 post
1115 781 1362 846 Agrippam

72 855 298 902 Romulus
329 854 496 902 Silvius
510 891 524 914 ‚
553 872 578 902 a
600 868 724 918 patre
743 871 930 918 accepto
953 854 1168 917 imperio,
1190 869 1364 917 regnat.

73 928 339 987 Aventino,
366 927 553 974 fuhnine
573 928 666 991 ipse
696 927 836 987 ictus,
870 944 1056 993 regnum
1089 943 1169 990 per
1201 941 1363 973 manus

74 1000 272 1049 tradidit.
318 1000 353 1047 is
367 1036 382 1059 ‚
407 1000 604 1065 sepultus
631 1001 678 1047 in
695 1017 752 1048 eo
771 1000 890 1048 colle
904 1037 918 1060 ‚
936 1000 1015 1064 qui
1034 1017 1158 1047 nunc
1174 998 1237 1046 est
1260 1015 1364 1061 pars

75 1073 299 1120 Romanae
316 1073 442 1121 urbis
458 1109 471 1132 ‚
492 1089 753 1137 cognomen
783 1073 892 1121 colli
918 1072 1037 1120 fecit,
1066 1074 1211 1120 Proca
1240 1071 1364 1118 dein-

75 1145 131 1192 de
150 1158 331 1210 regnat:
362 1146 398 1193 is
426 1147 716 1194 Numitorem
735 1159 868 1212 atque
888 1148 1120 1196 Amulium
1140 1156 1364 1211 procreat.

76 1219 341 1279 Numitori,
359 1220 438 1284 qui
461 1220 609 1284 stirpis
629 1221 854 1268 maximus
881 1236 997 1279 erat,
1022 1237 1208 1286 regnum
1229 1234 1365 1268 vetu-

76 1292 190 1340 stum
223 1294 374 1343 Silviae
408 1294 553 1359 gentis
590 1295 719 1360 legat.
758 1295 862 1343 Plus
897 1308 1047 1343 tamen
1078 1296 1150 1344 vis
1180 1295 1365 1360 potuit,

79 1386 219 1431 quam
244 1370 459 1417 voluntas
477 1370 614 1433 patris
649 1383 722 1418 aut
744 1373 1018 1419 verecundia
1043 1372 1196 1419 aetatis.
1229 1369 1366 1417 Pulso

79 1440 244 1500 fratre,
276 1443 484 1490 Amulius
511 1455 690 1507 regnat:
727 1445 848 1492 addit
877 1444 1029 1492 sceleri
1062 1445 1230 1493 scelus:
1265 1444 1367 1490 stir-

81 1530 188 1578 pem
222 1513 372 1563 fratris
406 1516 586 1563 virilem
621 1516 866 1566 interimit:
901 1518 1047 1566 fratris
1082 1518 1186 1566 filiae
1227 1518 1368 1564 Rhece

80 1586 236 1635 Silviae
271 1605 350 1651 per
394 1588 587 1653 speciem
622 1591 840 1651 honoris,
879 1610 982 1640 cum
1010 1591 1232 1639 Vestalem
1270 1607 1368 1637 eam

81 1660 251 1724 legiffet
271 1697 284 1720 ‚
318 1677 534 1727 perpetua
563 1665 824 1730 virginitate
844 1666 963 1729 spem
986 1678 1138 1730 partus
1164 1665 1334 1713 adimit.

88 1765 91 1768 -
147 1737 222 1783 1V.
250 1736 337 1782 Sed
364 1736 635 1797 debebatur,
665 1751 715 1785 ut
735 1739 930 1802 opinor,
956 1738 1057 1787 fatis
1077 1753 1213 1787 tantae
1232 1739 1366 1802 origo

82 1807 238 1866 urbi3‚
260 1809 537 1874 maximique
570 1811 813 1859 secundum
840 1813 1053 1860 Deorum
1082 1829 1192 1875 opes
1220 1812 1367 1875 impe-

81 1883 139 1929 rii
167 1878 454 1948 principium.
482 1886 541 1932 Vi
569 1886 816 1950 compressa
846 1886 1057 1941 Vestalis,
1088 1903 1193 1932 cum
1225 1885 1368 1948 gemi-

85 1971 192 2001 num
223 1970 400 2018 partum
430 1957 657 2016 edidiffet,
684 1958 758 2004 seu
786 1958 846 2004 ita
869 1971 985 2015 rata,
1011 1957 1082 2004 seu
1110 1957 1215 2022 quia
1237 1957 1367 2004 Deus

84 2028 240 2074 auctor
260 2029 402 2092 culpae
430 2030 665 2078 honestior
692 2042 813 2087 erat,
846 2032 1036 2076 Martem
1058 2029 1240 2076 incertae
1265 2029 1367 2091 stir-

81 2101 150 2165 pis
177 2114 349 2164 patrem
378 2116 623 2166 nuncupat.
655 2105 741 2150 Sed
773 2120 856 2150 nec
880 2103 988 2160 Dii,
1019 2119 1104 2150 nec
1131 2103 1368 2160 homines,

83 2186 159 2221 aut
178 2174 339 2237 ipsam,
357 2189 433 2222 aut
450 2175 628 2240 stirpem
650 2194 673 2223 a
693 2176 950 2230 crudelitate
973 2176 1091 2240 regia
1116 2175 1368 2225 vindicant.

86 2247 294 2297 sacerdos
311 2249 458 2299 vineta
479 2250 524 2296 in
549 2250 795 2298 custodiam
825 2250 979 2305 datur;
1014 2266 1175 2312 pueros
1195 2250 1242 2295 in
1261 2267 1366 2311 pro-

85 2319 299 2367 fluentem
328 2337 486 2384 aquam
509 2322 625 2369 mitti
651 2322 786 2384 jubet.
829 2326 962 2369 Forte
983 2322 1174 2385 quadam
1200 2321 1368 2369 divini-

85 2405 157 2440 tus
186 2393 314 2456 super
335 2395 452 2457 ripas
474 2396 650 2444 Tiberis
682 2395 843 2442 effusus
875 2395 1047 2442 lenibus
1071 2394 1231 2457 stagnis
1246 2430 1261 2451 ‚
1284 2410 1366 2441 nec

87 2465 198 2516 adiri
231 2467 413 2533 usquam
442 2469 498 2516 ad
527 2467 632 2532 justi
662 2469 835 2517 cursum
856 2481 1036 2532 ¹poterat
1073 2467 1243 2526 amnis;
1279 2469 1328 2515 δέ
1348 2504 1366 2526 ,
