1582 2793
167 193 256 242 216
516 192 1084 239 T1T1L1VII

149 303 369 364 sicbafiam
399 305 678 363 domitamque
708 299 778 366 effi
798 318 954 363 gentem
972 336 986 357 ,
1015 302 1098 361 sub
1125 301 1279 362 jugum
1307 303 1450 346 abitu-

161 394 243 422 ros.
279 375 448 422 Tribus
479 373 609 421 hastis
646 373 801 437 jugum
839 372 887 419 fit
909 409 922 431 ,
953 372 1079 418 humi
1112 370 1214 418 fixis
1251 372 1450 431 duabus,

120 502 124 505 ,
161 446 382 512 superque
409 464 481 495 eas
511 446 756 496 transversa
776 463 861 492 una
881 446 1084 510 deligata.
1131 445 1209 492 sub
1233 446 1322 493 hoc
1340 444 1451 509 jugo

161 521 357 569 (instator
381 523 556 584 AEquos
579 520 708 568 misit.
754 563 756 565 .

229 594 404 642 XXIX.
433 592 600 640 Castris
621 591 817 639 hostium
837 591 1028 654 receptis
1043 626 1056 649 ‚
1086 592 1229 653 plenis
1247 592 1454 639 omnium

163 683 347 726 rerum,
387 666 571 731 (nudos
614 664 734 711 enim
765 663 997 728 emiserat)
1037 665 1231 726 praedam
1269 681 1454 710 omnem

162 737 245 785 suo
269 750 444 785 tantum
471 737 605 784 militi
627 736 773 785 dedit:
806 736 1087 784 consularem
1115 738 1365 785 exercitum
1386 737 1453 800 ip-

163 813 350 877 sumque
384 811 616 859 consulem
645 810 882 872 increpans
899 847 913 869 ,
939 815 1105 858 Carebis
1121 848 1136 871 ‚
1155 811 1328 875 inquit,
1341 831 1454 872 μνω-

164 891 228 934 dae
248 903 365 948 parte
382 921 394 943 ‚
425 890 571 942 miles,
602 904 655 931 ex
686 904 730 932 eo
758 886 891 950 hoste,
918 889 987 932 cui
1007 905 1138 947 prope
1154 888 1305 947 praedae
1315 886 1456 953 fuisti.

164 960 209 1008 ὅ*
236 978 308 1017 ιιι,
328 963 377 1005 L.
400 962 569 1005 &limaci
583 995 598 1015 ‚
623 962 750 1004 donec
774 960 1029 1020 consularem
1055 962 1246 1005 animum
1273 962 1455 1018 incipias
1477 973 1490 980 ‘
1524 973 1526 975 ’

169 1036 339 1089 lubere,
373 1035 531 1093 legatus
561 1033 628 1076 his
657 1033 889 1092 legionibus
915 1034 1097 1091 praeeris.
1133 1034 1194 1077 lta
1225 1029 1267 1076 se
1300 1030 1456 1076 Minu-

169 1102 265 1151 cius
287 1102 462 1150 abdicat
484 1100 750 1159 consulatu,
775 1099 994 1166 jussusque
1021 1103 1075 1149 ad
1095 1102 1344 1149 exercitum
1364 1120 1457 1151 ma-

167 1189 259 1223 net.
293 1174 377 1222 Sed
408 1173 521 1221 adeo
554 1184 649 1220 tum
685 1172 879 1236 imperio
912 1173 1093 1222 meliori
1123 1174 1296 1222 animus
1329 1192 1458 1222 man-

169 1249 289 1296 suete
325 1247 542 1295 obediens
567 1257 689 1305 erat,
712 1262 763 1296 ut
791 1246 1001 1294 beneficii
1033 1247 1201 1312 magis,
1231 1266 1364 1312 quam
1394 1250 1460 1313 ig-

169 1322 404 1380 nominiae,
423 1320 495 1368 hic
515 1319 738 1371 exercitus
752 1337 928 1368 memor
941 1357 955 1379 ,
971 1322 1019 1369 &
1041 1337 1259 1370 coronam
1280 1339 1459 1370 auream

99 1444 102 1454 ,
170 1396 380 1444 (ἰὶξὶειῐοτὶ
402 1394 560 1442 libram
581 1394 742 1457 pondo
772 1393 1056 1453 decreverit,
1088 1396 1138 1442 &
1165 1394 1460 1458 proficiscen-

170 1481 263 1516 tem
297 1486 398 1516 eum
427 1479 667 1530 patronum
696 1466 964 1515 salutaverit.
1004 1469 1166 1514 Romae
1189 1486 1212 1515 a
1238 1470 1299 1529 Q.
1318 1469 1460 1516 Fabio

171 1541 387 1608 praefecto
402 1540 522 1587 urbis
541 1539 716 1588 senatus
735 1539 912 1588 habitus
928 1538 1278 1603 triumphantem
1293 1540 1463 1600 Quinc·

172 1616 316 1673 tium,
347 1631 441 1679 quo
464 1614 675 1663 veniebat
706 1613 912 1678 agmine,
938 1615 1096 1661 urbem
1124 1613 1299 1677 ingredi
1328 1612 1464 1675 juflit.

175 1689 294 1735 duni
327 1701 429 1735 ante
469 1705 649 1735 currum
680 1687 876 1735 hostium
905 1688 1066 1734 duces:
1108 1686 1312 1734 militaria
1341 1686 1465 1751 figna

175 1761 384 1826 praelata:
418 1760 590 1809 secutus
628 1759 853 1808 exercitus
887 1760 1045 1823 praeda„
1071 1758 1273 1805 onustus.
1307 1757 1465 1821 Epulae

177 1835 401 1883 instrufiiae
424 1835 635 1882 dicuntur
654 1834 778 1882 fuiffe
795 1846 897 1881 ante
915 1833 1121 1880 omnium
1143 1833 1331 1879 domos:
1357 1848 1466 1894 epu·

176 1911 407 1975 lantesque
442 1928 542 1958 cum
574 1911 771 1958 carmine
803 1909 1063 1972 triumphali
1090 1910 1138 1956 &
1173 1907 1465 1955 sollemnibus

177 1983 294 2047 jocis
309 2021 322 2042 ,
348 1984 677 2033 comissantium
700 1985 840 2031 modo
857 2020 871 2043 ‚
901 2000 1080 2031 currum
1102 1981 1238 2029 secuti
1259 1982 1373 2029 sunt,
1394 1983 1466 2029 Eo

178 2057 251 2102 die
275 2059 323 2103 L.
350 2057 558 2105 Mamilio
578 2056 869 2113 Tusculano,
901 2055 1252 2120 approbantibus
1274 2054 1468 2113 cunffis,

177 2129 339 2177 civitas
374 2131 474 2177 data
509 2131 585 2178 est.
622 2131 875 2179 Confestim
913 2130 953 2176 se
986 2129 1175 2175 dictator
1209 2126 1469 2190 magistratu

179 2202 419 2251 abdicasset
439 2239 452 2260 ,
485 2203 531 2249 ni
553 2205 737 2251 comitia
764 2206 827 2251 M.
844 2202 1019 2250 Volscii
1048 2200 1140 2247 falfi
1163 2200 1282 2247 testis
1301 2198 1468 2245 tenuis-

177 2272 305 2321 sent:
340 2290 389 2320 ea
417 2292 470 2320 ne
497 2275 765 2337 impedirent
796 2275 1002 2332 tribuni,
1034 2272 1262 2320 dictatoris
1296 2271 1468 2318 obstitit

178 2360 339 2395 metus.
378 2346 586 2394 Volscius
625 2348 855 2394 damnatus
892 2347 1144 2394 Lanuvium
1178 2345 1224 2391 in
1262 2343 1465 2390 exsilium

180 2418 303 2465 abiit.
338 2419 580 2479 Quinffius
608 2418 732 2466 sexto
759 2420 936 2465 decimo
962 2420 1028 2466 ,iic
1048 2419 1292 2475 dilstatura,
1323 2416 1369 2463 in
1391 2416 1467 2464 sex

181 2489 353 2540 menses
384 2504 596 2557 accepta,
619 2490 660 2539 se
692 2491 934 2541 abdicavit.
952 2473 1054 2569 §Per
1084 2506 1162 2538 cos
1190 2489 1283 2538 dies
1310 2486 1470 2538 consul
