1582 2793
157 185 349 220 CXXXII
449 169 557 215 ΝΟ
580 169 808 214 ΤΙΤΙΑ
856 170 933 214 LI
953 170 1162 215 TERA
1181 170 1321 215 RJA

162 280 263 333 158)
319 277 497 325 Lmzdini,
517 290 555 324 4.
583 287 672 313 cum
688 274 955 326 chronologia
980 275 1099 316 Verrii
1121 275 1249 316 Ηειεεί
1275 288 1321 315 ac
1346 276 1446 316 notis

321 330 540 373 Robortelli
567 332 602 369 oz
626 329 857 369 Godelevaei.

323 388 436 439 sugd.
468 385 503 424 8.
530 385 803 424 Memorarunt
829 383 929 422 hanc
951 384 1045 423 edit.
1074 384 1261 424 Hearnius
1301 386 1337 424 ἃ
1365 384 1450 424 Cle-

324 441 445 486 ricus
476 451 520 477 ac
554 438 631 477 tes!
626 439 674 476 iti
707 437 817 486 sunt,
844 439 878 476 ei
916 439 1089 477 additam
1123 439 1197 478 elle
1234 437 1450 478 Chronolo-

322 496 452 557 gffiam
477 492 816 531 accommodatam
844 492 892 530 ad
918 491 1068 531 tabulas
1093 493 1328 543 Capitolinas
1354 493 1451 531 Ver-

323 550 368 588 rii
417 525 567 594 Flacci,
605 546 735 599 (forte
773 545 999 595 intelligitur
1027 546 1114 594 illa,
1158 560 1273 597 quam
1312 546 1451 595 Joach.

326 602 491 644 Grellius
515 615 561 640 ex
586 600 774 651 prioribus
791 599 968 640 Glareani
986 602 1021 640 ἃ
1049 601 1196 651 Sigonii
1213 600 1450 652 composuit)

327 661 362 698 Sc
388 657 670 697 Annotationes
698 653 933 695 Godelevaei.

165 726 266 767 ¹592
325 713 499 760 Aldina,
521 711 663 763 Sigonii
686 709 762 758 IV,
785 708 853 759 fol.
883 722 948 760 ap.
972 706 1058 748 Aldi
1081 708 1290 760 Nepotem.
1313 711 1451 761 Repet.

325 767 419 806 edit.
460 779 572 817 17.2

165 833 264 876 1595
325 823 444 861 Antv.
469 743 532 859 8ἒ.7
533 832 582 859 ex
605 818 708 860 offic.
735 817 975 858 Flaminiana
999 831 1060 869 ap.
1083 818 1251 857 Viduam
1280 820 1315 859 ἃ
1338 819 1450 868 Joan.

326 875 526 918 Moretum
549 873 777 923 prodierunt
800 872 896 923 Frga
884 883 1029 911 menta
1054 873 1359 920 Historicorum‚
1383 875 1454 913 du-

330 931 424 969 dum
450 928 496 967 ab
521 930 660 968 Anton.
688 927 887 980 Augustino
912 925 1073 967 collecta
1088 958 1098 975 ‚
1127 930 1164 967 ἁ
1184 940 1205 966 a
1225 927 1360 968 Fulvio
1380 932 1454 968 Ur-

315 987 395 1037 fino
419 983 648 1022 emendata:
679 982 819 1032 quibus
842 980 1053 1030 subjunftae
1079 981 1169 1020 sunt
1192 982 1366 1031 ejusdem
1384 984 1453 1024 Ur-

326 1039 395 1077 sini
424 1038 464 1075 in
488 1039 613 1076 varios
638 1036 864 1085 historicos,
889 1037 926 1075 ὃς
957 1036 1054 1074 inter
1080 1035 1165 1077 illas
1191 1036 1307 1077 etiam
1332 1038 1373 1076 in
1395 1038 1458 1077 Li-

326 1093 460 1140 vium
488 1099 604 1131 notae.

168 1159 271 1201 1599
327 1145 492 1198 Francos.
513 1146 549 1185 8.
575 1144 650 1184 vol.
675 1144 743 1184 ΙΙΙ.
772 1144 1011 1184 Memoratur
1029 1144 1114 1184 haec
1149 1145 1242 1186 edit.
1272 1146 1313 1185 in
1333 1144 1455 1186 Catal.

334 1200 433 1241 Bibl
451 1200 562 1241 Huls.
590 1208 688 1239 tom.
717 1197 798 1248 ΙΙΙ,
824 1212 929 1238 num.
964 1199 1078 1253 5918.

174 1253 274 1295 1608
333 1256 473 1294 Gruteri
498 1255 539 1305 Ι,
560 1254 806 1294 Francofurti
828 1254 877 1293 ad
900 1253 1081 1292 Moenum
1104 1252 1173 1294 fol.
1199 1266 1246 1293 ex
1267 1254 1365 1294 offic.
1396 1261 1455 1307 ty-

330 1323 440 1361 pogr.
473 1310 634 1358 joannis
667 1309 815 1357 Samii,
838 1308 1017 1358 impensis
1053 1307 1242 1347 heredum
1271 1309 1366 1349 Petr.
1396 1309 1457 1349 Fi-

330 1364 466 1404 scheri.
486 1363 642 1405 Titulus
662 1362 768 1402 alteri
787 1362 912 1412 operis
932 1363 1031 1413 parti
1045 1363 1199 1402 additus
1215 1363 1353 1412 refert,
1368 1376 1454 1415 pro-

335 1419 447 1458 diiffe
475 1420 634 1470 quidem
673 1430 722 1457 ex
752 1417 908 1456 officina
947 1417 1153 1465 Sauriam,
1186 1417 1252 1456 sed
1276 1418 1454 1470 impensis

334 1475 442 1523 Jonae
466 1474 600 1513 Rhodii
627 1485 728 1512 anno
755 1471 957 1512 MDCVII.
991 1471 1108 1520 Jonas
1129 1470 1307 1512 Rhodius
1327 1482 1455 1512 autem

334 1542 357 1567 a
378 1529 536 1568 Grutero
562 1528 601 1566 in
630 1526 856 1578 praefatione
880 1526 996 1574 Jonas
1019 1528 1116 1579 Rosa
1139 1535 1312 1567 vocatur.
1344 1528 1457 1568 Hanc

337 1583 436 1624 Livii
456 1582 668 1622 editionem
692 1579 881 1620 recensuit
902 1580 1022 1630 Janus
1049 1581 1256 1629 Gruterus,
1280 1583 1317 1621 &
1346 1590 1458 1621 notas

339 1637 511 1676 virorum
544 1636 749 1675 doctorum
787 1635 908 1674 ferme
943 1634 1142 1684 omnium,
1180 1648 1274 1686 quas
1315 1636 1459 1686 priores

339 1691 530 1730 editiones
554 1690 827 1738 continebant,
853 1689 1052 1736 exhibuit,
1073 1690 1241 1740 exceptis
1262 1698 1394 1729 tamen
1418 1690 1463 1729 il-

342 1744 389 1783 lis
419 1745 658 1784 Velcurionis
695 1747 730 1784 δε
760 1744 940 1784 Saxonii:
975 1753 1151 1782 recenter
1186 1757 1276 1784 vero
1310 1745 1464 1784 addidit

343 1807 454 1839 notas
475 1799 598 1837 Fulvii
622 1799 740 1850 U'ſsni
772 1799 807 1837 ἃ
835 1797 1005 1836 Marcelli
1028 1799 1182 1838 Donati.
1212 1798 1314 1838 Bene
1341 1799 1462 1838 etiam

344 1854 505 1892 instituit
531 1853 606 1893 Gn
608 1862 709 1891 telus
730 1851 848 1891 libros
881 1851 920 1890 in
950 1861 1077 1903 partes
1115 1852 1282 1892 minores
1309 1852 1462 1903 secare,

346 1922 395 1958 qu
401 1922 429 1947 ze
451 1909 568 1960 czpim
559 1906 697 1957 vulgo
724 1907 871 1945 dicunt.

184 1961 287 2015 ³609
342 1963 501 2003 Eadem.
518 1962 693 2001 Francof.
724 1962 760 2001 8.
788 1961 1009 2001 Memorant
1032 1959 1132 1999 hanc
1157 1961 1250 2000 edit.
1274 1961 1464 2001 Hearnius

345 2020 380 2056 &
405 2017 596 2064 Clericus
614 2017 765 2063 testati,
783 2016 983 2064 adjunctas
1007 2014 1080 2054 esse
1101 2015 1319 2055 Godelevaei
1337 2016 1463 2054 obser.

342 2073 529 2110 vationes.
551 2069 736 2111 Praemiss'a
751 2069 802 2108 est
819 2069 912 2108 huic
933 2070 992 2108 ed.
1030 2068 1189 2119 epistola
1227 2070 1465 2111 dedicatoria

343 2126 393 2163 ad
425 2125 662 2164 fridericum
693 2124 884 2172 juniorem
912 2123 1021 2162 Com.
1052 2123 1125 2162 Pal.
1156 2123 1374 2174 Principem
1404 2126 1467 2172 ju—

343 2179 509 2218 ventutis
537 2189 545 2226 (
567 2178 802 2227 fridericum
825 2178 911 2216 dein
929 2178 965 2215 V
990 2180 1090 2215 inter
1110 2175 1242 2217 Eleftt.
1272 2177 1377 2227 regni
1392 2178 1466 2218 Bo-

343 2232 483 2272 hcmiae
511 2229 737 2285 annulum.)
765 2244 879 2281 quam
906 2233 944 2269 in
967 2231 1188 2270 Gruter-iana
1213 2231 1268 2272 ΙΙΙ
1291 2231 1465 2272 omiffam

345 2302 382 2325 1
375 2288 530 2335 petiere
546 2285 878 2326 Francofurtenses
893 2285 1088 2334 juniores,
1110 2287 1150 2323 in
1178 2286 1300 2337 iisque
1323 2286 1389 2326 illa
1405 2299 1466 2327 an.

348 2343 446 2381 160

181 2355 462 2438 pn-——Azw'
427 2395 462 2432 el
465 2396 502 2432 Ξατ
520 2393 743 2439 Alba-rmum
762 2392 895 2445 (Gen
900 2394 965 2439 ae)
982 2407 1042 2443 ap.
1063 2394 1218 2433 Petrum
1231 2392 1268 2433 la
1288 2394 1467 2441 Roviere,

346 2448 417 2488 iol
440 2449 477 2486 in
505 2448 677 2498 Corpore
699 2446 923 2499 scriptorum
942 2447 1170 2487 Latinorum
1195 2458 1368 2488 veterum
1395 2448 1467 2489 Hi-

348 2503 469 2543 stoliae
500 2503 608 2543 horn
603 2515 694 2541 anae.
