1680 2803
237 150 402 192 Lxx'rv
497 145 864 190 NOTITIA
902 145 1387 190 LITERARIA

236 266 349 299 vum
384 251 606 308 fluvium,
635 253 796 299 Romae
827 251 980 314 postea
1017 251 1197 299 Claudii
1239 251 1526 313 Imperatoris

238 323 380 371 studia
414 326 703 381 moderatus,
729 337 779 369 ut
809 324 994 387 colligas
1017 341 1040 370 e
1070 323 1274 370 Suetonii
1299 323 1457 370 Claud.
1488 340 1527 369 c.

238 414 316 456 41.
357 396 548 461 scriptor
584 398 759 444 sublimi
793 401 843 446 &
875 398 1010 446 laelea
1040 398 1254 445 sermonis
1292 397 1526 443 ubertate:

238 483 353 514 unus
383 484 451 514 res
479 471 702 515 Romanas
732 484 909 532 aequare
941 468 1132 515 feliciter
1153 474 1284 514 aulus
1300 504 1314 525 ‚
1338 467 1453 513 obiit
1479 467 1527 512 in

237 540 381 605 patria
421 541 758 605 septuagenario
799 542 973 602 major,
1000 553 1164 604 quarto
1198 558 1321 588 anno
1354 539 1528 586 Tiberii

238 617 349 677 Imp.
377 615 515 662 Urbis
545 632 653 677 770.
682 614 782 677 post
811 616 864 662 C.
883 632 927 662 n.
963 632 1031 677 17.
1059 614 1128 659 Ab
1153 614 1352 677 Augusto
1374 614 1529 660 Livius

237 685 381 734 dielus
406 687 468 733 est
500 689 807 749 Pompejanus‚
831 688 957 751 quod
986 688 1121 734 tantis
1160 686 1365 732 laudibus
1396 699 1528 732 extu-

237 758 350 805 liffet
379 760 676 820 Pompejum:
711 775 858 823 neque
886 760 931 804 id
957 771 1106 806 tamen
1132 757 1343 805 amicitiae
1370 774 1528 805 eorum

237 830 434 879 offeciffe
470 832 653 879 testatur
686 832 872 879 Tacitus
901 834 979 890 1V,
1007 850 1078 893 34.
1109 830 1272 879 Annal.
1306 830 1425 878 Cum
1452 829 1528 876 vi—

241 919 398 965 veret,
418 906 574 968 paucis
600 907 869 969 probatum,
889 906 962 953 sed
981 906 1081 969 post
1108 906 1196 952 fata
1222 905 1402 952 demum
1431 921 1528 952 me·

241 979 356 1028 titos
395 979 596 1026 honores
639 979 932 1027 consecutum
972 980 1159 1025 affirmat
1194 990 1325 1027 vetus
1369 978 1527 1024 aufitor

242 1051 365 1115 apud
384 1052 563 1099 Svidam
585 1051 630 1098 in
656 1059 866 1115 Κορνοῦτος.
897 1054 1071 1099 Tamen
1095 1068 1179 1099 nec
1199 1051 1300 1098 vivi
1321 1051 1528 1114 exiguam

242 1125 404 1172 famam
437 1125 589 1184 fiiiffe,
613 1125 745 1173 fidem
779 1126 885 1174 facit
905 1125 1154 1173 Gaditanus
1181 1135 1191 1155 ¹
1220 1123 1294 1169 ille
1314 1159 1327 1180 ‚
1349 1123 1427 1185 qui
1456 1125 1528 1169 Li-

242 1197 311 1243 vii
337 1198 523 1244 nomine
555 1198 789 1262 gloriaque
825 1197 1043 1245 excitatus
1076 1197 1131 1244 ad
1160 1195 1391 1242 visendum
1425 1212 1527 1242 eum

240 1272 299 1318 ab
328 1272 493 1318 ultimo
518 1284 732 1320 terrarum
761 1274 873 1320 orbe
895 1274 1021 1321 venit
1039 1310 1053 1331 ,
1075 1273 1308 1335 statimque
1329 1284 1375 1318 ut
1395 1273 1526 1319 vide-

238 1356 333 1404 rat,
355 1344 478 1391 abiit.
501 1345 598 1393 Nec
616 1356 804 1393 mortuo
828 1346 1042 1409 impetum
1067 1354 1085 1376 ²
1111 1346 1398 1410 quorundam
1414 1382 1431 1404 ‚
1450 1358 1525 1395 aut

240 1521 468 1554 numentum
493 1514 571 1555 hoc
596 1528 675 1556 non
696 1515 770 1556 esse
795 1516 841 1558 T.

919 1529 990 1556 nus
1029 1518 1064 1557 δε
1098 1515 1224 1557 stilum
1262 1516 1438 1556 defendit
1467 1517 1527 1566 Jo.

240 1566 444 1615 Livii‚1³:d
468 1570 667 1618 cujusdam
698 1574 778 1620 ejus
801 1571 843 1610 li·

919 1571 1117 1613 Tolandus
1140 1572 1179 1610 in
1201 1572 1305 1622 praef.
1324 1572 1373 1610 ad
1389 1572 1525 1612 Adaeni-

242 1622 366 1670 berti,
395 1624 456 1661 cui
491 1624 536 1665 T.
570 1625 696 1665 Livius
724 1626 842 1676 Halys

240 1689 384 1715 nomen
418 1688 524 1726 erat,
559 1678 656 1719 filiae.
698 1679 763 1722 De
784 1678 844 1721 Li-

240 1731 350 1770 viana
378 1731 623 1772 Patavinitate
649 1733 844 1774 Ptolemae.

240 1796 285 1822 us
310 1784 458 1825 flavius
475 1788 734 1827 Anconitanus
759 1801 842 1840 cap.

240 1853 303 1890 45.
334 1841 614 1889 conjec‘raneor.
650 1843 843 1883 editorum

243 1894 407 1932 Anconae
430 1908 538 1945 1522.
557 1895 593 1934 8.
610 1898 644 1936 <Sc
661 1897 700 1935 in
715 1897 842 1938 Tomo

248 1960 278 2010 ιδ.
305 1946 509 1998 Lampadis
539 1951 677 1991 artium
707 1951 843 1992 Grute-

240 2013 353 2040 nanze
381 2015 416 2052 p.
441 2014 530 2055 972.
559 2005 593 2042 ὃ.-
620 2005 662 2043 1).
693 2005 843 2045 Baitha-

242 2052 298 2092 ΕΠ
327 2055 563 2106 Stolbergius
591 2059 637 2097 de
659 2059 843 2098 barbaris-

242 2108 315 2147 mis
336 2111 371 2148 <St
389 2108 608 2149 soloecismis
630 2114 675 2151 N.
692 2114 738 2154 T.
766 2113 842 2151 ob-

244 2163 353 2212 jeekis
371 2175 402 2202 e.
424 2176 483 2202 20.
511 2165 705 2204 Nonnulla
721 2180 844 2217 nuper

245 2218 282 2256 in
311 2217 478 2256 dicrione
513 2217 607 2258 Livii
639 2219 844 2269 reprehen-

245 2271 335 2308 dere
376 2270 484 2309 aul‘us
523 2272 574 2311 est
611 2273 844 2314 Schurzflei-

244 2322 370 2363 sebius
397 2325 620 2375 praef.1tione
641 2328 689 2367 ad
720 2327 846 2366 differ-

245 2378 408 2417 tationes
435 2381 695 2429 academicam
715 2395 846 2432 quem-

247 2432 460 2473 admodum
477 2436 557 2484 ejus
578 2434 765 2476 scribendi
782 2449 845 2486 ge-

921 1627 1149 1666 daemonem.

980 1695 993 1718 1
1023 1679 1153 1720 Refert
1180 1678 1319 1719 Plinius
1341 1679 1400 1728 ΙΙ,
1426 1692 1456 1731 3.
1477 1679 1526 1719 E-

919 1734 1001 1786 pist.
1024 1736 1061 1774 δέ
1076 1735 1113 1775 S.
1129 1734 1387 1784 Hieronymus
1404 1734 1519 1784 Epist.

923 1802 1009 1840 103.
1035 1788 1084 1827 ad
1107 1786 1317 1828 Paulinum.

991 1857 1012 1882 2
1048 1841 1259 1891 Caligulam
1300 1842 1348 1881 de
1375 1840 1522 1892 scriptis

919 1896 965 1936 T.
990 1896 1084 1936 Livii
1117 1895 1315 1936 abolendis
1340 1897 1520 1946 cogitalle

919 1962 1042 1989 narrat
1070 1951 1226 1990 Sueton.
1258 1962 1290 1989 e.
1323 1964 1380 2002 34.
1414 1950 1522 1990 Idem

920 2005 968 2043 de
998 2005 1181 2055 Gregorio
1207 2004 1237 2043 Ι.
1267 2004 1448 2043 pontifice
1469 2005 1525 2043 in-

919 2059 976 2098 fra
1004 2059 1177 2098 referam.
1225 2057 1396 2107 Caligula
1434 2071 1523 2097 vero

921 2112 1069 2152 Livium
1095 2111 1341 2162 reprehendit
1370 2119 1411 2149 ut
1438 2125 1524 2151 vcr-

922 2165 1057 2205 bosum
1079 2168 1118 2204 in
1146 2165 1296 2204 historia
1322 2164 1523 2216 negligen-

922 2228 1076 2269 temque
1090 2250 1100 2267 ‚
1119 2219 1320 2268 Gregorius
1338 2231 1380 2258 ut
1397 2220 1524 2269 proili-

923 2274 1071 2322 giorum
1121 2274 1232 2312 nimis
1282 2273 1524 2323 frequentem

923 2328 1222 2377 praedicatorem.
1254 2327 1460 2366 mentitum
1483 2329 1522 2368 in

922 2381 1148 2432 quibusdam
1167 2382 1440 2420 notavitetium
1454 2383 1528 2421 Vo-

922 2434 1044 2486 piscus
1073 2435 1274 2476 Aureliamo
1292 2447 1323 2474 e.
1345 2451 1378 2474 2.

1666 239 1675 369 --.=r=.*·
1665 207 1668 216 ⁴
1665 185 1667 190 >
1664 119 1667 162 ’“·
1665 40 1680 90 2v„
