<?xml version="1.0" encoding="UTF-8"?>
<!DOCTYPE html PUBLIC "-//W3C//DTD XHTML 1.0 Transitional//EN"
    "http://www.w3.org/TR/xhtml1/DTD/xhtml1-transitional.dtd">
<html xmlns="http://www.w3.org/1999/xhtml" xml:lang="en" lang="en">
 <head>
  <title>
</title>
<meta http-equiv="Content-Type" content="text/html;charset=utf-8" />
  <meta name='ocr-system' content='tesseract 3.04.00' />
  <meta name='ocr-capabilities' content='ocr_page ocr_carea ocr_par ocr_line ocrx_word'/>
</head>
<body>
  <div class='ocr_page' id='page_1' title='image "./historiarumlibri01livyuoft_0056.png"; bbox 0 0 1680 2803; ppageno 0'>
   <div class='ocr_carea' id='block_1_1' title="bbox 318 129 1305 181">
    <p class='ocr_par' dir='ltr' id='par_1_1' title="bbox 318 129 1305 181">
     <span class='ocr_line' id='line_1_1' title="bbox 318 129 1305 181; baseline 0.007 -7"><span class='ocrx_word' id='word_1_1' title='bbox 318 129 484 176; x_wconf 65' lang='lat' dir='ltr'>mvin</span> <span class='ocrx_word' id='word_1_2' title='bbox 720 130 953 179; x_wconf 86' lang='lat' dir='ltr'><em>TIT]</em></span> <span class='ocrx_word' id='word_1_3' title='bbox 1016 134 1305 181; x_wconf 85' lang='lat' dir='ltr'><em>LIVII</em></span> 
     </span>
    </p>
   </div>
   <div class='ocr_carea' id='block_1_2' title="bbox 314 237 1611 305">
    <p class='ocr_par' dir='ltr' id='par_1_2' title="bbox 314 237 1611 305">
     <span class='ocr_line' id='line_1_2' title="bbox 314 237 1611 305; baseline 0.007 -20"><span class='ocrx_word' id='word_1_4' title='bbox 314 238 605 304; x_wconf 87' lang='lat' dir='ltr'>Etruscaeque</span> <span class='ocrx_word' id='word_1_5' title='bbox 630 237 861 287; x_wconf 86' lang='lat' dir='ltr'>florebunt</span> <span class='ocrx_word' id='word_1_6' title='bbox 889 241 1029 288; x_wconf 83' lang='lat' dir='ltr'>literae</span> <span class='ocrx_word' id='word_1_7' title='bbox 1043 277 1055 300; x_wconf 87' lang='lat'><strong>‚</strong></span> <span class='ocrx_word' id='word_1_8' title='bbox 1072 244 1239 305; x_wconf 79' lang='lat' dir='ltr'><em>semper</em></span> <span class='ocrx_word' id='word_1_9' title='bbox 1259 245 1423 303; x_wconf 75' lang='lat' dir='ltr'><em>honos,</em></span> <span class='ocrx_word' id='word_1_10' title='bbox 1439 255 1611 296; x_wconf 65' lang='lat' dir='ltr'>nomem·</span> 
     </span>
    </p>
   </div>
   <div class='ocr_carea' id='block_1_3' title="bbox 314 324 1085 387">
    <p class='ocr_par' dir='ltr' id='par_1_3' title="bbox 314 324 1085 387">
     <span class='ocr_line' id='line_1_3' title="bbox 314 324 1085 387; baseline 0.005 -19"><span class='ocrx_word' id='word_1_11' title='bbox 314 341 387 383; x_wconf 84' lang='lat' dir='ltr'>que</span> <span class='ocrx_word' id='word_1_12' title='bbox 410 324 541 383; x_wconf 79' lang='lat' dir='ltr'>situm</span> <span class='ocrx_word' id='word_1_13' title='bbox 558 358 572 382; x_wconf 92' lang='lat'>,</span> <span class='ocrx_word' id='word_1_14' title='bbox 602 326 819 387; x_wconf 82' lang='lat' dir='ltr'><em>laudesque</em></span> <span class='ocrx_word' id='word_1_15' title='bbox 846 328 1085 372; x_wconf 78' lang='lat' dir='ltr'>manebunt.</span> 
     </span>
    </p>
   </div>
   <div class='ocr_carea' id='block_1_4' title="bbox 311 434 1610 583">
    <p class='ocr_par' dir='ltr' id='par_1_4' title="bbox 311 434 1610 583">
     <span class='ocr_line' id='line_1_4' title="bbox 377 434 1610 499; baseline 0.003 -18"><span class='ocrx_word' id='word_1_16' title='bbox 377 434 468 483; x_wconf 88' lang='lat' dir='ltr'>Hic</span> <span class='ocrx_word' id='word_1_17' title='bbox 501 435 623 483; x_wconf 88' lang='lat' dir='ltr'>enim</span> <span class='ocrx_word' id='word_1_18' title='bbox 652 435 786 484; x_wconf 84' lang='lat' dir='ltr'>seculi</span> <span class='ocrx_word' id='word_1_19' title='bbox 818 435 963 499; x_wconf 84' lang='lat' dir='ltr'>nostri</span> <span class='ocrx_word' id='word_1_20' title='bbox 983 436 1142 484; x_wconf 86' lang='lat' dir='ltr'>Livius</span> <span class='ocrx_word' id='word_1_21' title='bbox 1170 435 1268 499; x_wconf 77' lang='lat' dir='ltr'>jure</span> <span class='ocrx_word' id='word_1_22' title='bbox 1290 435 1496 484; x_wconf 85' lang='lat' dir='ltr'>omnium</span> <span class='ocrx_word' id='word_1_23' title='bbox 1526 453 1610 485; x_wconf 79' lang='lat' dir='ltr'>ore</span> 
     </span>
     <span class='ocr_line' id='line_1_5' title="bbox 311 518 1609 583; baseline 0.001 -17"><span class='ocrx_word' id='word_1_24' title='bbox 311 518 510 572; x_wconf 80' lang='lat' dir='ltr'>colitur,</span> <span class='ocrx_word' id='word_1_25' title='bbox 530 519 764 575; x_wconf 63' lang='lat' dir='ltr'>salutatum</span> <span class='ocrx_word' id='word_1_26' title='bbox 788 536 891 567; x_wconf 86' lang='lat' dir='ltr'>cum</span> <span class='ocrx_word' id='word_1_27' title='bbox 918 519 1067 566; x_wconf 83' lang='lat' dir='ltr'>nullus</span> <span class='ocrx_word' id='word_1_28' title='bbox 1090 537 1147 566; x_wconf 88' lang='lat' dir='ltr'>eo</span> <span class='ocrx_word' id='word_1_29' title='bbox 1176 519 1366 583; x_wconf 85' lang='lat' dir='ltr'>propius</span> <span class='ocrx_word' id='word_1_30' title='bbox 1393 520 1513 567; x_wconf 85' lang='lat' dir='ltr'>Livii</span> <span class='ocrx_word' id='word_1_31' title='bbox 1531 521 1609 567; x_wconf 69' lang='lat' dir='ltr'>sti&lt;-</span> 
     </span>
    </p>
   </div>
   <div class='ocr_carea' id='block_1_5' title="bbox 309 600 1680 666">
    <p class='ocr_par' dir='ltr' id='par_1_5' title="bbox 309 600 1680 666">
     <span class='ocr_line' id='line_1_6' title="bbox 309 600 1680 666; baseline 0.003 -19"><span class='ocrx_word' id='word_1_32' title='bbox 309 600 404 648; x_wconf 83' lang='lat' dir='ltr'>lum</span> <span class='ocrx_word' id='word_1_33' title='bbox 434 601 651 666; x_wconf 83' lang='lat' dir='ltr'>attingat,</span> <span class='ocrx_word' id='word_1_34' title='bbox 674 602 769 649; x_wconf 89' lang='lat' dir='ltr'>five</span> <span class='ocrx_word' id='word_1_35' title='bbox 798 602 1081 649; x_wconf 86' lang='lat' dir='ltr'>locutionem</span> <span class='ocrx_word' id='word_1_36' title='bbox 1102 602 1195 664; x_wconf 79' lang='lat' dir='ltr'>ejus</span> <span class='ocrx_word' id='word_1_37' title='bbox 1214 620 1396 666; x_wconf 86' lang='lat' dir='ltr'>gravem</span> <span class='ocrx_word' id='word_1_38' title='bbox 1419 604 1470 651; x_wconf 89' lang='lat'>&amp;</span> <span class='ocrx_word' id='word_1_39' title='bbox 1496 620 1608 650; x_wconf 77' lang='lat' dir='ltr'>can-</span> <span class='ocrx_word' id='word_1_40' title='bbox 1675 648 1680 651; x_wconf 23' lang='grc' dir='ltr'><strong><em>γ</em></strong></span> 
     </span>
    </p>
   </div>
   <div class='ocr_carea' id='block_1_6' title="bbox 304 685 1608 1332">
    <p class='ocr_par' dir='ltr' id='par_1_6' title="bbox 304 685 1608 1332">
     <span class='ocr_line' id='line_1_7' title="bbox 309 685 1606 750; baseline 0.002 -19"><span class='ocrx_word' id='word_1_41' title='bbox 309 685 486 742; x_wconf 80' lang='lat' dir='ltr'>didam,</span> <span class='ocrx_word' id='word_1_42' title='bbox 517 685 611 732; x_wconf 85' lang='lat' dir='ltr'>five</span> <span class='ocrx_word' id='word_1_43' title='bbox 633 702 782 733; x_wconf 84' lang='lat' dir='ltr'>rerum</span> <span class='ocrx_word' id='word_1_44' title='bbox 805 685 1024 750; x_wconf 87' lang='lat' dir='ltr'>gestarum</span> <span class='ocrx_word' id='word_1_45' title='bbox 1059 686 1365 733; x_wconf 79' lang='lat' dir='ltr'>narrationem</span> <span class='ocrx_word' id='word_1_46' title='bbox 1385 721 1399 744; x_wconf 93' lang='lat'>‚</span> <span class='ocrx_word' id='word_1_47' title='bbox 1416 687 1510 733; x_wconf 85' lang='lat' dir='ltr'>five</span> <span class='ocrx_word' id='word_1_48' title='bbox 1536 687 1606 734; x_wconf 70' lang='lat' dir='ltr'>lo⁶</span> 
     </span>
     <span class='ocr_line' id='line_1_8' title="bbox 309 767 1608 832; baseline 0.002 -17"><span class='ocrx_word' id='word_1_49' title='bbox 309 784 471 815; x_wconf 85' lang='lat' dir='ltr'>corum</span> <span class='ocrx_word' id='word_1_50' title='bbox 504 768 829 832; x_wconf 82' lang='lat' dir='ltr'><strong>descriptiones</strong></span> <span class='ocrx_word' id='word_1_51' title='bbox 856 768 1033 832; x_wconf 57' lang='lat' dir='ltr'>spectes.</span> <span class='ocrx_word' id='word_1_52' title='bbox 1064 767 1217 816; x_wconf 87' lang='lat' dir='ltr'>Novit</span> <span class='ocrx_word' id='word_1_53' title='bbox 1243 767 1288 815; x_wconf 93' lang='lat' dir='ltr'>id</span> <span class='ocrx_word' id='word_1_54' title='bbox 1316 769 1608 832; x_wconf 87' lang='lat' dir='ltr'>ingeniorum</span> 
     </span>
     <span class='ocr_line' id='line_1_9' title="bbox 309 851 1607 913; baseline 0.001 -14"><span class='ocrx_word' id='word_1_55' title='bbox 309 851 555 899; x_wconf 77' lang='lat' dir='ltr'>acerrimus</span> <span class='ocrx_word' id='word_1_56' title='bbox 575 851 816 898; x_wconf 72' lang='lat' dir='ltr'>aestimator</span> <span class='ocrx_word' id='word_1_57' title='bbox 834 851 1076 899; x_wconf 84' lang='lat' dir='ltr'>Perronius</span> <span class='ocrx_word' id='word_1_58' title='bbox 1089 889 1103 912; x_wconf 84' lang='lat'>‚</span> <span class='ocrx_word' id='word_1_59' title='bbox 1122 853 1162 898; x_wconf 84' lang='lat' dir='ltr'>S.</span> <span class='ocrx_word' id='word_1_60' title='bbox 1183 851 1238 900; x_wconf 92' lang='lat' dir='ltr'>R.</span> <span class='ocrx_word' id='word_1_61' title='bbox 1261 854 1310 901; x_wconf 77' lang='lat' dir='ltr'>F..</span> <span class='ocrx_word' id='word_1_62' title='bbox 1328 852 1607 913; x_wconf 79' lang='lat' dir='ltr'>cardinalis,</span> 
     </span>
     <span class='ocr_line' id='line_1_10' title="bbox 308 934 1606 1001; baseline 0.001 -19"><span class='ocrx_word' id='word_1_63' title='bbox 308 937 385 999; x_wconf 85' lang='lat' dir='ltr'>qui</span> <span class='ocrx_word' id='word_1_64' title='bbox 401 972 416 995; x_wconf 89' lang='lat'>‚</span> <span class='ocrx_word' id='word_1_65' title='bbox 435 952 536 984; x_wconf 86' lang='lat' dir='ltr'>cum</span> <span class='ocrx_word' id='word_1_66' title='bbox 558 934 762 983; x_wconf 89' lang='lat' dir='ltr'>Henrico</span> <span class='ocrx_word' id='word_1_67' title='bbox 780 937 842 983; x_wconf 93' lang='lat' dir='ltr'>IV</span> <span class='ocrx_word' id='word_1_68' title='bbox 864 938 1033 1001; x_wconf 85' lang='lat' dir='ltr'>Magno</span> <span class='ocrx_word' id='word_1_69' title='bbox 1052 934 1354 1001; x_wconf 69' lang='lat' dir='ltr'>praestantiam</span> <span class='ocrx_word' id='word_1_70' title='bbox 1373 935 1493 983; x_wconf 81' lang='lat' dir='ltr'>illius</span> <span class='ocrx_word' id='word_1_71' title='bbox 1519 935 1606 984; x_wconf 82' lang='lat' dir='ltr'>suis</span> 
     </span>
     <span class='ocr_line' id='line_1_11' title="bbox 307 1017 1604 1079; baseline 0.001 -14"><span class='ocrx_word' id='word_1_72' title='bbox 307 1036 364 1065; x_wconf 85' lang='lat' dir='ltr'>ex</span> <span class='ocrx_word' id='word_1_73' title='bbox 393 1018 567 1066; x_wconf 85' lang='lat' dir='ltr'>meritis</span> <span class='ocrx_word' id='word_1_74' title='bbox 605 1018 934 1079; x_wconf 72' lang='lat' dir='ltr'>adumbrasset‚</span> <span class='ocrx_word' id='word_1_75' title='bbox 963 1020 1010 1066; x_wconf 91' lang='lat' dir='ltr'>in</span> <span class='ocrx_word' id='word_1_76' title='bbox 1045 1018 1174 1066; x_wconf 83' lang='lat' dir='ltr'>causa</span> <span class='ocrx_word' id='word_1_77' title='bbox 1214 1017 1299 1064; x_wconf 85' lang='lat' dir='ltr'>fuit</span> <span class='ocrx_word' id='word_1_78' title='bbox 1319 1053 1333 1077; x_wconf 76' lang='lat'><em>‚</em></span> <span class='ocrx_word' id='word_1_79' title='bbox 1364 1030 1414 1065; x_wconf 88' lang='lat' dir='ltr'>ut</span> <span class='ocrx_word' id='word_1_80' title='bbox 1453 1018 1604 1066; x_wconf 84' lang='lat' dir='ltr'>abeo</span> 
     </span>
     <span class='ocr_line' id='line_1_12' title="bbox 307 1100 1604 1166; baseline -0.001 -18"><span class='ocrx_word' id='word_1_81' title='bbox 307 1102 530 1148; x_wconf 79' lang='lat' dir='ltr'>Lutetiam</span> <span class='ocrx_word' id='word_1_82' title='bbox 561 1101 867 1162; x_wconf 84' lang='lat' dir='ltr'>Parifiorum,</span> <span class='ocrx_word' id='word_1_83' title='bbox 888 1101 1060 1166; x_wconf 85' lang='lat' dir='ltr'>magnis</span> <span class='ocrx_word' id='word_1_84' title='bbox 1095 1100 1340 1165; x_wconf 75' lang='lat' dir='ltr'>propositis</span> <span class='ocrx_word' id='word_1_85' title='bbox 1372 1101 1568 1164; x_wconf 79' lang='lat' dir='ltr'>praemiis</span> <span class='ocrx_word' id='word_1_86' title='bbox 1587 1137 1604 1161; x_wconf 93' lang='lat'><strong>,</strong></span> 
     </span>
     <span class='ocr_line' id='line_1_13' title="bbox 308 1183 1604 1278; baseline 0 -47"><span class='ocrx_word' id='word_1_87' title='bbox 308 1185 447 1232; x_wconf 83' lang='lat' dir='ltr'>suerit</span> <span class='ocrx_word' id='word_1_88' title='bbox 481 1196 733 1242; x_wconf 86' lang='lat' dir='ltr'>evocatus,</span> <span class='ocrx_word' id='word_1_89' title='bbox 753 1200 848 1249; x_wconf 87' lang='lat' dir='ltr'>quo</span> <span class='ocrx_word' id='word_1_90' title='bbox 870 1185 946 1233; x_wconf 82' lang='lat' dir='ltr'>sua</span> <span class='ocrx_word' id='word_1_91' title='bbox 964 1185 1140 1278; x_wconf 84' lang='lat' dir='ltr'>egregia</span> <span class='ocrx_word' id='word_1_92' title='bbox 1166 1183 1374 1249; x_wconf 84' lang='lat' dir='ltr'>regiaque</span> <span class='ocrx_word' id='word_1_93' title='bbox 1397 1183 1604 1232; x_wconf 83' lang='lat' dir='ltr'>facinora</span> 
     </span>
     <span class='ocr_line' id='line_1_14' title="bbox 304 1267 782 1332; baseline 0 -18"><span class='ocrx_word' id='word_1_94' title='bbox 304 1268 448 1316; x_wconf 81' lang='lat' dir='ltr'>literis</span> <span class='ocrx_word' id='word_1_95' title='bbox 482 1267 782 1332; x_wconf 75' lang='lat' dir='ltr'>consignaret.</span> 
     </span>
    </p>
   </div>
   <div class='ocr_carea' id='block_1_7' title="bbox 300 1377 1674 2519">
    <p class='ocr_par' dir='ltr' id='par_1_7' title="bbox 300 1377 1674 2519">
     <span class='ocr_line' id='line_1_15' title="bbox 371 1377 1674 1448; baseline 0.002 -18"><span class='ocrx_word' id='word_1_96' title='bbox 371 1382 525 1432; x_wconf 86' lang='lat' dir='ltr'>Novit</span> <span class='ocrx_word' id='word_1_97' title='bbox 542 1384 593 1432; x_wconf 77' lang='grc' dir='ltr'>δι</span> <span class='ocrx_word' id='word_1_98' title='bbox 619 1381 838 1430; x_wconf 86' lang='lat' dir='ltr'>Ranutius</span> <span class='ocrx_word' id='word_1_99' title='bbox 862 1379 1121 1439; x_wconf 84' lang='lat' dir='ltr'>Farnefius‚</span> <span class='ocrx_word' id='word_1_100' title='bbox 1145 1382 1297 1447; x_wconf 87' lang='lat' dir='ltr'>magni</span> <span class='ocrx_word' id='word_1_101' title='bbox 1319 1400 1444 1448; x_wconf 78' lang='lat' dir='ltr'>aeque</span> <span class='ocrx_word' id='word_1_102' title='bbox 1462 1382 1603 1432; x_wconf 84' lang='lat' dir='ltr'>animi</span> <span class='ocrx_word' id='word_1_103' title='bbox 1670 1377 1674 1382; x_wconf 69' lang='grc'><strong>’</strong></span> 
     </span>
     <span class='ocr_line' id='line_1_16' title="bbox 303 1464 1602 1531; baseline 0 -17"><span class='ocrx_word' id='word_1_104' title='bbox 303 1466 356 1515; x_wconf 70' lang='lat' dir='ltr'>ac</span> <span class='ocrx_word' id='word_1_105' title='bbox 377 1467 548 1531; x_wconf 84' lang='lat' dir='ltr'>ingenii</span> <span class='ocrx_word' id='word_1_106' title='bbox 579 1466 820 1529; x_wconf 85' lang='lat' dir='ltr'>Princeps,</span> <span class='ocrx_word' id='word_1_107' title='bbox 846 1465 924 1529; x_wconf 87' lang='lat' dir='ltr'>qui</span> <span class='ocrx_word' id='word_1_108' title='bbox 957 1480 1102 1512; x_wconf 89' lang='lat' dir='ltr'>unum</span> <span class='ocrx_word' id='word_1_109' title='bbox 1128 1464 1257 1512; x_wconf 86' lang='lat' dir='ltr'>illum</span> <span class='ocrx_word' id='word_1_110' title='bbox 1291 1467 1494 1514; x_wconf 86' lang='lat' dir='ltr'>Parmam</span> <span class='ocrx_word' id='word_1_111' title='bbox 1522 1485 1602 1514; x_wconf 84' lang='lat' dir='ltr'>ac·-</span> 
     </span>
     <span class='ocr_line' id='line_1_17' title="bbox 303 1546 1597 1612; baseline -0.001 -15"><span class='ocrx_word' id='word_1_112' title='bbox 303 1551 452 1598; x_wconf 89' lang='lat' dir='ltr'>cerfiit</span> <span class='ocrx_word' id='word_1_113' title='bbox 469 1585 483 1609; x_wconf 85' lang='lat'>‚</span> <span class='ocrx_word' id='word_1_114' title='bbox 507 1565 558 1597; x_wconf 89' lang='lat' dir='ltr'>ut</span> <span class='ocrx_word' id='word_1_115' title='bbox 583 1549 619 1596; x_wconf 85' lang='lat' dir='ltr'>is</span> <span class='ocrx_word' id='word_1_116' title='bbox 640 1548 719 1596; x_wconf 85' lang='lat' dir='ltr'>fibi</span> <span class='ocrx_word' id='word_1_117' title='bbox 741 1564 827 1612; x_wconf 91' lang='lat' dir='ltr'>pro</span> <span class='ocrx_word' id='word_1_118' title='bbox 859 1547 1075 1612; x_wconf 83' lang='lat' dir='ltr'>dignitate</span> <span class='ocrx_word' id='word_1_119' title='bbox 1101 1546 1315 1596; x_wconf 86' lang='lat' dir='ltr'>scriberet</span> <span class='ocrx_word' id='word_1_120' title='bbox 1334 1565 1404 1597; x_wconf 88' lang='lat' dir='ltr'>res</span> <span class='ocrx_word' id='word_1_121' title='bbox 1425 1549 1473 1597; x_wconf 90' lang='lat' dir='ltr'>in</span> <span class='ocrx_word' id='word_1_122' title='bbox 1492 1550 1597 1596; x_wconf 88' lang='lat' dir='ltr'>Bel-</span> 
     </span>
     <span class='ocr_line' id='line_1_18' title="bbox 305 1631 1599 1698; baseline 0.001 -20"><span class='ocrx_word' id='word_1_123' title='bbox 305 1633 382 1698; x_wconf 84' lang='lat' dir='ltr'>gio</span> <span class='ocrx_word' id='word_1_124' title='bbox 415 1635 464 1681; x_wconf 88' lang='lat'>&amp;</span> <span class='ocrx_word' id='word_1_125' title='bbox 487 1632 592 1681; x_wconf 87' lang='lat' dir='ltr'>alibi</span> <span class='ocrx_word' id='word_1_126' title='bbox 623 1632 678 1680; x_wconf 89' lang='lat' dir='ltr'>ab</span> <span class='ocrx_word' id='word_1_127' title='bbox 700 1631 961 1680; x_wconf 80' lang='lat' dir='ltr'>Alexandro</span> <span class='ocrx_word' id='word_1_128' title='bbox 985 1642 1110 1694; x_wconf 87' lang='lat' dir='ltr'>patre</span> <span class='ocrx_word' id='word_1_129' title='bbox 1132 1632 1181 1678; x_wconf 63' lang='grc' dir='ltr'>δέ</span> <span class='ocrx_word' id='word_1_130' title='bbox 1201 1633 1476 1695; x_wconf 82' lang='lat' dir='ltr'>Imperatore</span> <span class='ocrx_word' id='word_1_131' title='bbox 1498 1631 1599 1680; x_wconf 85' lang='lat' dir='ltr'>for-</span> 
     </span>
     <span class='ocr_line' id='line_1_19' title="bbox 305 1713 1603 1781; baseline -0.001 -18"><span class='ocrx_word' id='word_1_132' title='bbox 305 1716 472 1764; x_wconf 85' lang='lat' dir='ltr'>tiffimo</span> <span class='ocrx_word' id='word_1_133' title='bbox 509 1715 678 1781; x_wconf 83' lang='lat' dir='ltr'>gestas,</span> <span class='ocrx_word' id='word_1_134' title='bbox 707 1714 834 1779; x_wconf 91' lang='lat' dir='ltr'>quod</span> <span class='ocrx_word' id='word_1_135' title='bbox 863 1714 1040 1779; x_wconf 86' lang='lat' dir='ltr'>egregie</span> <span class='ocrx_word' id='word_1_136' title='bbox 1069 1730 1118 1760; x_wconf 91' lang='lat' dir='ltr'>re</span> <span class='ocrx_word' id='word_1_137' title='bbox 1146 1713 1238 1778; x_wconf 89' lang='lat' dir='ltr'>ipsa</span> <span class='ocrx_word' id='word_1_138' title='bbox 1270 1714 1506 1778; x_wconf 73' lang='lat' dir='ltr'>praestitit,</span> <span class='ocrx_word' id='word_1_139' title='bbox 1536 1715 1603 1763; x_wconf 75' lang='lat' dir='ltr'>se···</span> 
     </span>
     <span class='ocr_line' id='line_1_20' title="bbox 304 1794 1601 1860; baseline -0.002 -14"><span class='ocrx_word' id='word_1_140' title='bbox 304 1812 434 1847; x_wconf 85' lang='lat' dir='ltr'>cutus</span> <span class='ocrx_word' id='word_1_141' title='bbox 468 1799 583 1846; x_wconf 88' lang='lat' dir='ltr'>tanti</span> <span class='ocrx_word' id='word_1_142' title='bbox 616 1797 838 1860; x_wconf 85' lang='lat' dir='ltr'>Principis</span> <span class='ocrx_word' id='word_1_143' title='bbox 865 1794 1081 1859; x_wconf 78' lang='lat' dir='ltr'>judicium</span> <span class='ocrx_word' id='word_1_144' title='bbox 1101 1831 1115 1856; x_wconf 87' lang='lat'><strong><em>‚</em></strong></span> <span class='ocrx_word' id='word_1_145' title='bbox 1147 1796 1289 1844; x_wconf 88' lang='lat' dir='ltr'>immo</span> <span class='ocrx_word' id='word_1_146' title='bbox 1324 1797 1374 1844; x_wconf 89' lang='lat'>&amp;</span> <span class='ocrx_word' id='word_1_147' title='bbox 1407 1795 1601 1845; x_wconf 82' lang='lat' dir='ltr'>feliciter</span> 
     </span>
     <span class='ocr_line' id='line_1_21' title="bbox 301 1879 1602 1946; baseline -0.002 -16"><span class='ocrx_word' id='word_1_148' title='bbox 301 1884 534 1931; x_wconf 71' lang='lat' dir='ltr'>assecutus.</span> <span class='ocrx_word' id='word_1_149' title='bbox 554 1881 805 1930; x_wconf 83' lang='lat' dir='ltr'>AEmulatur</span> <span class='ocrx_word' id='word_1_150' title='bbox 822 1879 896 1927; x_wconf 87' lang='lat' dir='ltr'>ille</span> <span class='ocrx_word' id='word_1_151' title='bbox 917 1879 1086 1929; x_wconf 88' lang='lat' dir='ltr'>scilicet</span> <span class='ocrx_word' id='word_1_152' title='bbox 1102 1896 1153 1926; x_wconf 85' lang='lat' dir='ltr'>ea</span> <span class='ocrx_word' id='word_1_153' title='bbox 1172 1879 1219 1926; x_wconf 90' lang='lat' dir='ltr'>in</span> <span class='ocrx_word' id='word_1_154' title='bbox 1237 1879 1462 1927; x_wconf 86' lang='lat' dir='ltr'>uberrima</span> <span class='ocrx_word' id='word_1_155' title='bbox 1481 1879 1602 1946; x_wconf 85' lang='lat' dir='ltr'>sege-</span> 
     </span>
     <span class='ocr_line' id='line_1_22' title="bbox 301 1962 1598 2029; baseline -0.002 -17"><span class='ocrx_word' id='word_1_156' title='bbox 301 1977 346 2012; x_wconf 86' lang='lat' dir='ltr'>te</span> <span class='ocrx_word' id='word_1_157' title='bbox 366 1965 770 2029; x_wconf 84' lang='lat' dir='ltr'>pulcherrimarum</span> <span class='ocrx_word' id='word_1_158' title='bbox 797 1979 947 2012; x_wconf 86' lang='lat' dir='ltr'>rerum</span> <span class='ocrx_word' id='word_1_159' title='bbox 975 1963 1157 2011; x_wconf 87' lang='lat' dir='ltr'>Livium</span> <span class='ocrx_word' id='word_1_160' title='bbox 1178 1962 1421 2011; x_wconf 86' lang='lat' dir='ltr'>concivem</span> <span class='ocrx_word' id='word_1_161' title='bbox 1447 1962 1598 2023; x_wconf 84' lang='lat' dir='ltr'>suum,</span> 
     </span>
     <span class='ocr_line' id='line_1_23' title="bbox 302 2045 1600 2112; baseline 0.001 -18"><span class='ocrx_word' id='word_1_162' title='bbox 302 2049 588 2112; x_wconf 86' lang='lat' dir='ltr'>eundemque</span> <span class='ocrx_word' id='word_1_163' title='bbox 609 2048 744 2095; x_wconf 86' lang='lat' dir='ltr'>nobis</span> <span class='ocrx_word' id='word_1_164' title='bbox 761 2046 973 2111; x_wconf 79' lang='lat' dir='ltr'>graphice</span> <span class='ocrx_word' id='word_1_165' title='bbox 996 2045 1297 2110; x_wconf 85' lang='lat' dir='ltr'>repraesentat.</span> <span class='ocrx_word' id='word_1_166' title='bbox 1331 2045 1485 2093; x_wconf 83' lang='lat' dir='ltr'>Exstat</span> <span class='ocrx_word' id='word_1_167' title='bbox 1503 2045 1600 2108; x_wconf 74' lang='lat' dir='ltr'>ejus</span> 
     </span>
     <span class='ocr_line' id='line_1_24' title="bbox 301 2128 1599 2192; baseline 0 -16"><span class='ocrx_word' id='word_1_168' title='bbox 301 2145 447 2192; x_wconf 86' lang='lat' dir='ltr'>porro</span> <span class='ocrx_word' id='word_1_169' title='bbox 481 2128 649 2175; x_wconf 84' lang='lat' dir='ltr'>divinae</span> <span class='ocrx_word' id='word_1_170' title='bbox 678 2129 935 2192; x_wconf 86' lang='lat' dir='ltr'>scriptionis</span> <span class='ocrx_word' id='word_1_171' title='bbox 952 2134 967 2186; x_wconf 81' lang='grc'>,“</span> <span class='ocrx_word' id='word_1_172' title='bbox 995 2128 1201 2175; x_wconf 87' lang='lat' dir='ltr'>nondum</span> <span class='ocrx_word' id='word_1_173' title='bbox 1231 2128 1357 2192; x_wconf 86' lang='lat' dir='ltr'>typis</span> <span class='ocrx_word' id='word_1_174' title='bbox 1383 2128 1515 2175; x_wconf 79' lang='lat' dir='ltr'>editae</span> <span class='ocrx_word' id='word_1_175' title='bbox 1549 2129 1599 2176; x_wconf 91' lang='lat' dir='ltr'>in</span> 
     </span>
     <span class='ocr_line' id='line_1_25' title="bbox 303 2209 1598 2274; baseline 0 -16"><span class='ocrx_word' id='word_1_176' title='bbox 303 2210 635 2258; x_wconf 89' lang='lat' dir='ltr'>commentario</span> <span class='ocrx_word' id='word_1_177' title='bbox 652 2210 933 2264; x_wconf 62' lang='lat' dir='ltr'>brevissimo,</span> <span class='ocrx_word' id='word_1_178' title='bbox 949 2209 1179 2272; x_wconf 71' lang='lat' dir='ltr'>exempiar</span> <span class='ocrx_word' id='word_1_179' title='bbox 1196 2227 1339 2256; x_wconf 87' lang='lat' dir='ltr'>unum</span> <span class='ocrx_word' id='word_1_180' title='bbox 1351 2246 1363 2268; x_wconf 95' lang='lat'>,</span> <span class='ocrx_word' id='word_1_181' title='bbox 1381 2210 1506 2274; x_wconf 84' lang='lat' dir='ltr'>quod</span> <span class='ocrx_word' id='word_1_182' title='bbox 1527 2210 1598 2258; x_wconf 85' lang='lat' dir='ltr'>vi-</span> 
     </span>
     <span class='ocr_line' id='line_1_26' title="bbox 300 2289 1599 2354; baseline 0.002 -17"><span class='ocrx_word' id='word_1_183' title='bbox 300 2290 346 2337; x_wconf 86' lang='lat' dir='ltr'>di</span> <span class='ocrx_word' id='word_1_184' title='bbox 364 2307 503 2354; x_wconf 88' lang='lat' dir='ltr'>penes</span> <span class='ocrx_word' id='word_1_185' title='bbox 522 2291 674 2338; x_wconf 89' lang='lat' dir='ltr'>virum</span> <span class='ocrx_word' id='word_1_186' title='bbox 699 2291 986 2339; x_wconf 80' lang='lat' dir='ltr'>clariffimum</span> <span class='ocrx_word' id='word_1_187' title='bbox 1017 2289 1164 2336; x_wconf 86' lang='lat' dir='ltr'>fratris</span> <span class='ocrx_word' id='word_1_188' title='bbox 1191 2289 1286 2352; x_wconf 85' lang='lat' dir='ltr'>ejus</span> <span class='ocrx_word' id='word_1_189' title='bbox 1308 2289 1447 2338; x_wconf 83' lang='lat' dir='ltr'>filium</span> <span class='ocrx_word' id='word_1_190' title='bbox 1463 2327 1477 2350; x_wconf 90' lang='lat'>‚</span> <span class='ocrx_word' id='word_1_191' title='bbox 1499 2291 1599 2339; x_wconf 83' lang='lat' dir='ltr'>Fla-</span> 
     </span>
     <span class='ocr_line' id='line_1_27' title="bbox 300 2370 1598 2436; baseline -0.002 -15"><span class='ocrx_word' id='word_1_192' title='bbox 300 2375 430 2422; x_wconf 84' lang='lat' dir='ltr'>vium</span> <span class='ocrx_word' id='word_1_193' title='bbox 451 2375 786 2436; x_wconf 83' lang='lat' dir='ltr'>Quaerengum,</span> <span class='ocrx_word' id='word_1_194' title='bbox 812 2371 1093 2419; x_wconf 69' lang='lat' dir='ltr'>Cathedraiis</span> <span class='ocrx_word' id='word_1_195' title='bbox 1122 2370 1330 2417; x_wconf 84' lang='lat' dir='ltr'>Ecclefiae</span> <span class='ocrx_word' id='word_1_196' title='bbox 1365 2371 1598 2419; x_wconf 72' lang='lat' dir='ltr'>Patavinae</span> 
     </span>
     <span class='ocr_line' id='line_1_28' title="bbox 302 2452 1598 2519; baseline -0.004 -16"><span class='ocrx_word' id='word_1_197' title='bbox 302 2456 595 2504; x_wconf 81' lang='lat' dir='ltr'>canonicum</span> <span class='ocrx_word' id='word_1_198' title='bbox 607 2492 624 2515; x_wconf 84' lang='lat'><em>‚</em></span> <span class='ocrx_word' id='word_1_199' title='bbox 639 2454 766 2519; x_wconf 75' lang='lat' dir='ltr'>cujus</span> <span class='ocrx_word' id='word_1_200' title='bbox 785 2454 1013 2519; x_wconf 85' lang='lat' dir='ltr'>dignitatis</span> <span class='ocrx_word' id='word_1_201' title='bbox 1040 2452 1279 2517; x_wconf 85' lang='lat' dir='ltr'>personam</span> <span class='ocrx_word' id='word_1_202' title='bbox 1298 2469 1426 2517; x_wconf 82' lang='lat' dir='ltr'>aeque</span> <span class='ocrx_word' id='word_1_203' title='bbox 1448 2454 1497 2501; x_wconf 86' lang='lat' dir='ltr'>in</span> <span class='ocrx_word' id='word_1_204' title='bbox 1520 2452 1598 2499; x_wconf 71' lang='lat' dir='ltr'>ilia</span> 
     </span>
    </p>
   </div>
  </div>
 </body>
</html>
