1582 2793
267 196 869 244 HISTORIARUM
917 199 1041 243 LIB.
1082 199 1145 245 11.
1259 214 1340 263 155

55 323 113 353 ex
142 319 268 370 parte
302 306 515 353 inchoata
551 304 815 352 concordiae
849 304 952 367 spe,
979 307 1128 367 primo
1158 324 1345 370 quoque

56 392 262 442 tempore
298 396 400 426 cum
437 378 641 424 Patribus
675 377 979 424 coalescerent
1017 380 1154 427 animi
1190 380 1346 442 plebis.

54 455 207 516 Itaque
226 452 454 516 principio
478 452 585 498 anni
612 451 781 498 censuit
796 488 810 510 ,
830 451 1089 516 priusquam
1110 454 1345 516 quisquam

54 526 237 588 agraria:
263 525 371 589 legis
392 526 549 572 aufior
569 524 776 572 tribunus
797 525 1021 571 exsisteret
1037 560 1050 581 ‚
1071 539 1347 588 occuparent

53 600 201 646 Patres
233 599 314 662 ipsi
338 598 466 646 suum
500 616 665 646 munus
697 598 843 646 facere
873 618 884 645 :
922 598 1154 661 captivum
1183 617 1347 663 ‘agrum

52 671 174 734 plebi
197 688 332 736 quam
360 671 554 718 maxime
580 671 813 734 aequaliter
835 670 1004 717 darent.
1041 686 1202 717 verum
1231 672 1314 718 effe
1331 708 1348 729 ,

52 745 216 791 habere
242 761 349 803 eos,
372 761 569 808 quorum
603 743 817 808 sanguine
845 761 896 791 ac
922 743 1084 791 sudore
1106 758 1257 806 partus
1280 745 1348 793 sit.

52 817 288 880 'Aspernati
317 819 466 864 Patres
499 817 623 864 sunt:
654 817 794 881 questi
826 834 1010 882 quoque
1042 817 1258 880 quidam,
1280 818 1346 864 ni-

52 890 142 937 mia
167 889 314 953 gloria
342 890 570 936 luxuriare
589 892 638 936 ὅ(
657 888 921 936 evanescere
952 889 1163 937 vividum
1193 906 1347 954 quon-

51 964 154 1009 dam
172 963 286 1010 illud
303 960 507 1009 Caesonis
528 962 771 1025 ingenium.
807 964 846 1007 N
854 963 957 1008 ullae
979 962 1139 1009 deinde
1163 963 1347 1009 urbanae

44 1037 271 1090 >faffiones
296 1036 437 1084 fuere.
477 1036 772 1082 Vexabantur
804 1035 1138 1083 incursionibus
1168 1037 1349 1098 AEquo-

50 1128 150 1157 rum
165 1109 325 1156 Latini.
343 1125 400 1156 eo
417 1126 522 1157 cum
538 1108 740 1155 exercitu
755 1107 884 1155 Caeso
901 1108 1066 1167 missus,
1082 1109 1128 1155 in
1142 1107 1344 1170 ipsorum

51 1185 310 1249 AEquorum
329 1199 484 1247 agrum
507 1183 877 1246 depopulandum
894 1182 1061 1230 tranfit.
1080 1183 1216 1246 AEqui
1235 1182 1275 1229 se
1298 1182 1346 1228 in

50 1257 219 1322 oppida
237 1269 506 1321 receperunt
522 1292 535 1315 ‚
554 1255 781 1319 murisque
805 1255 846 1302 se
874 1257 1114 1304 tenebant:
1145 1273 1201 1303 eo
1222 1256 1344 1302 nulla

50 1349 199 1397 pugna
225 1330 534 1379 memorabilis
562 1329 662 1378 fuit.
693 1333 755 1377 At
782 1349 807 1377 a
828 1329 1019 1392 Vejente
1047 1330 1176 1377 hoste
1199 1330 1345 1377 clades

48 1419 235 1470 accepta
261 1405 512 1452 temeritate
541 1404 722 1452 alterius
761 1403 972 1451 consulis.
1020 1406 1255 1468 aetumque
1287 1405 1341 1450 de

50 1480 253 1527 exercitu
281 1477 403 1526 foret
417 1514 432 1537 ‚
452 1477 501 1524 ni
518 1477 648 1525 Caeso
667 1478 828 1524 Fabius
850 1477 896 1523 in
915 1490 1121 1539 tempore
1148 1476 1345 1523 subsidio
1389 1531 1405 1541 -

50 1552 252 1600 veniffet.
285 1554 354 1599 Ex
381 1568 439 1599 eo
469 1565 677 1615 tempore
707 1568 854 1616 neque
878 1568 967 1614 pax
997 1566 1143 1614 neque
1176 1550 1342 1597 bellum

50 1644 156 1674 cum
182 1624 447 1688 Veientibus
475 1625 589 1682 fuit;
610 1642 683 1673 res
701 1625 912 1686 proxime
934 1623 1127 1671 formam
1156 1623 1345 1670 latroci-

51 1702 117 1748 nii
145 1712 349 1748 venerat.
388 1699 667 1763 Legionibus
700 1698 918 1745 Romanis
948 1697 1165 1745 cedebant
1191 1696 1238 1742 in
1264 1714 1345 1742 ur-

51 1774 169 1822 bem.
207 1773 288 1820 ubi
311 1773 521 1822 abduftas
548 1772 774 1820 senserant,
795 1773 1020 1837 legiones,
1040 1788 1171 1837 agros
1192 1773 1343 1819 incur·

50 1845 232 1902 sabant;
256 1845 425 1893 bellum
457 1845 634 1910 quiete,
653 1846 851 1910 quietem
874 1845 994 1892 bello
1022 1846 1224 1893 invicem
1245 1847 1342 1893 elu-

49 1921 221 1968 dentes.
253 1923 316 1966 lta
341 1935 490 1982 neque
520 1919 672 1966 omitti
700 1931 798 1966 tota
825 1935 924 1977 res,
945 1936 1029 1966 nec
1060 1918 1220 1982 perfici
1253 1936 1343 1982 po-

50 2010 179 2044 terat.
223 1998 274 2045 &
303 1995 388 2044 alia
412 1994 528 2042 bella
560 2006 635 2041 aut
664 1994 899 2058 praesentia
930 1993 1178 2052 instabant,
1208 2007 1259 2041 ut
1287 1995 1345 2041 ab

50 2071 207 2134 AEquis
240 2068 530 2132 Volscisque,
553 2085 650 2115 non
680 2068 877 2128 diutius,
902 2085 1037 2132 quam
1068 2086 1225 2116 recens
1257 2070 1344 2115 do-

50 2144 124 2190 lor
163 2144 388 2207 proximae
425 2142 562 2190 cladis
597 2143 829 2200 transiret,
862 2143 1227 2206 quiescentibus:
1265 2157 1344 2189 aut

50 2234 164 2266 mox
196 2230 406 2264 moturos
437 2215 480 2262 se
515 2217 755 2279 apparebat
789 2218 981 2264 Sabinos
1019 2216 1191 2280 semper
1224 2216 1341 2263 infc-

51 2291 174 2349 stos‚
193 2290 506 2353 Etruriamque
544 2305 744 2336 onmem.
788 2290 862 2338 sed
887 2290 1053 2352 Veiens
1084 2289 1248 2347 hostis,
1275 2288 1342 2335 as·

51 2363 199 2411 fiduus
237 2363 408 2427 magis,
444 2379 578 2426 quam
612 2362 797 2426 gravis,
833 2362 1121 2410 contumeliis
1153 2360 1341 2422 saepius,

51 2454 187 2500 quam
217 2436 421 2500 periculo
438 2472 452 2496 ‚
472 2435 650 2483 animos
674 2436 894 2500 agitabat:
923 2436 1051 2499 quod
1074 2435 1200 2480 nullo
1231 2446 1341 2478 teni-

51 2527 166 2577 pore
192 2513 356 2578 negligi
380 2528 590 2578 poterat,
608 2528 683 2561 aut
703 2514 854 2563 averti
881 2513 974 2560 alio
1005 2510 1185 2558 sinebat.
1221 2509 1340 2555 Tum
