1582 2793
367 173 482 217 DE
554 171 605 215 T.
660 171 695 214 L
729 169 759 214 I
791 172 838 214 V
865 170 892 212 I
929 168 987 215 Ο.
1182 178 1346 214 exuit

230 274 415 318 volumini
434 275 570 315 ultimo
591 274 765 325 praefixa,
789 272 993 323 diligenter
1008 273 1243 325 persequitur
1257 274 1347 314 Dra-

237 332 352 370 kenb.
376 329 494 369 Vallae
517 331 634 368 vitam
647 359 657 377 ‚
678 329 904 378 interpretes
922 337 1036 377 atque
1051 330 1218 367 editores
1235 328 1349 376 Livii,

236 385 369 435 suique
383 385 543 424 instituti
562 385 764 423 rationem.
785 382 882 421 Baiis
898 382 1055 432 quidem
1074 383 1125 420 est
1145 393 1348 422 contextus

235 440 527 486 Gronwianus,
557 446 595 477 at
622 450 735 488 quam
762 436 936 487 plurimis
961 435 1057 474 locis
1083 436 1141 474 vel
1168 449 1350 487 purgatus

236 507 258 532 a
280 493 428 532 mendis
448 491 758 544 typographicis,
782 489 842 529 vel
862 490 909 529 ad
927 491 1098 540 optimos
1116 492 1238 529 Codri.
1259 505 1351 540 quo-

233 561 318 586 rum
338 547 422 597 plus
436 547 590 596 triginta
606 545 793 593 contulit,
817 553 929 595 atque
950 544 1137 583 editiones
1158 551 1351 584 correctus

236 610 352 652 atque
375 600 620 640 emaculatusv
646 600 849 650 Quidquid
866 600 912 638 ad
938 599 1255 637 emendationem
1274 613 1353 637 me-

230 655 446 706 lioremque
471 654 754 705 expositionem
787 653 876 692 Livii
899 661 977 691 tam
1004 654 1179 691 criticam
1196 683 1205 699 ,
1234 666 1352 701 quam

230 711 523 760 grammaticam
549 718 662 756 atque
686 707 903 746 historicam
932 707 1105 746 conferre
1131 707 1282 754 potuit,
1310 707 1349 744 id

233 762 367 802 sedulo
393 761 578 811 congcssit
596 763 630 800 S<
646 759 847 810 largiffima
865 774 978 799 manu
1000 759 1137 797 effudit
1154 758 1351 799 Drakenb.

235 826 350 866 atque
374 816 524 866 reliquit
548 816 586 853 in
616 816 717 853 notis
745 813 937 862 exquisita:
958 812 1160 851 latinitatis
1191 812 1353 863 artisque

236 869 376 908 criticae
393 868 609 907 thesaurum
623 900 634 917 ,
651 867 866 916 conjunctis
892 866 1280 905 animzulverlionibus
1298 868 1355 907 Si-

235 924 366 972 gomi,
395 923 605 968 Gronovii,
635 921 817 960 Perizonii
835 951 845 968 ‚
875 922 910 959 ὁὶ
937 919 1092 960 Duker-i.
1128 921 1264 972 Neque
1294 930 1354 960 ta-

235 989 323 1015 men
351 975 594 1022 diffitendum
620 974 696 1022 est,
722 973 950 1013 immensam
981 975 1167 1014 Gronovii
1195 988 1238 1013 ac
1263 974 1354 1014 Dra-

234 1028 463 1069 kenborchii
490 1028 728 1080 diligentiam
754 1029 998 1078 studiumque
1025 1029 1193 1068 maxime
1219 1028 1352 1068 lauda-

235 1084 311 1124 bile
332 1084 509 1124 nondum
534 1083 721 1132 effecfflle,
737 1091 780 1122 ut
802 1082 906 1122 nulla
931 1083 1090 1122 ornnino
1114 1082 1242 1122 ulcera
1269 1083 1353 1122 resi-

238 1139 399 1179 derent:
421 1139 542 1177 immo
568 1151 658 1177 vero
682 1137 794 1176 multi
822 1138 998 1188 quaedam
1019 1138 1220 1185 viderunt,
1237 1137 1356 1188 iisque

237 1193 415 1232 sanandis
436 1192 694 1232 admoverunt
718 1205 867 1234 manus.
896 1191 1066 1232 Ultimus
1092 1201 1244 1240 tomus,
1264 1205 1357 1242 prae-

233 1255 294 1286 ter
313 1247 577 1297 praefationem
596 1245 789 1286 Drakenb.
821 1250 855 1286 ok
882 1246 1094 1286 multorum
1116 1246 1358 1298 superiorum

237 1302 432 1341 editorum
461 1297 702 1352 praefationes
728 1310 840 1352 atque
863 1301 1152 1349 dedicationes,
1172 1314 1244 1339 nec
1275 1314 1356 1339 non

236 1356 383 1395 indices
396 1355 508 1395 utiles
526 1359 560 1395 ok
577 1355 774 1408 copiosos,
793 1355 910 1394 habet
933 1356 1055 1395 varios
1075 1355 1227 1394 libellos
1243 1386 1252 1403 ‚
1270 1369 1355 1405 par-

238 1411 309 1450 tim
335 1411 382 1449 ad
409 1409 602 1449 historiam
629 1410 750 1458 Livii,
774 1410 913 1461 partim
936 1410 983 1449 ad
1006 1409 1093 1449 loca
1121 1410 1297 1460 quaedam
1315 1409 1358 1448 il-

239 1464 430 1504 lustranda
454 1465 714 1515 pertinentes:
737 1477 902 1515 quorum
926 1464 1243 1515 significationem
1264 1477 1360 1502 non-

237 1518 375 1566 nullis,
391 1519 452 1569 qui
471 1531 560 1558 caro
581 1518 650 1558 illo
669 1527 798 1559 carent
821 1520 999 1569 exemplo
1013 1550 1023 1568 ,
1041 1518 1144 1558 haud
1168 1520 1358 1568 ingratam

236 1573 322 1614 fore
343 1573 584 1612 arbitramur.
620 1587 634 1611 1
655 1600 684 1606 -
705 1587 734 1623 ς.
768 1574 854 1612 Vita
878 1574 970 1613 Livii
995 1586 1041 1612 ex
1058 1573 1100 1612 G.
1114 1573 1146 1621 J.
1169 1573 1286 1612 Vossii
1303 1572 1360 1611 hi-

238 1627 382 1668 storicis
401 1627 526 1666 latinis
539 1659 549 1675 ‚
569 1630 604 1667 ἃ
623 1640 669 1666 ex
687 1627 810 1668 ssalth.
833 1627 1019 1667 Bonifacii
1037 1627 1198 1666 historiae
1216 1627 1362 1666 Rorna-

240 1695 298 1721 nae
323 1681 587 1732 scriptoribus,
613 1694 694 1720 tum
717 1682 797 1730 jae.
820 1681 916 1722 Phil.
934 1682 1127 1721 Tomalini
1149 1682 1280 1721 Livius
1298 1682 1362 1721 Pa-

235 1736 414 1785 tavinus;
436 1754 471 1785 4.
498 1737 654 1776 Sertorii
678 1736 800 1777 Ursati
825 1736 1086 1786 interpretatio
1102 1735 1361 1786 inscriptionis

237 1791 481 1830 monumenti
508 1791 676 1838 Liviani3
709 1805 740 1843 5.
771 1790 880 1830 Laur.
913 1791 1077 1841 Pignorii
1104 1790 1273 1830 defensio
1303 1790 1364 1830 Li-

237 1845 369 1893 viana;
394 1846 431 1884 6.
451 1844 540 1884 Chr.
568 1845 687 1884 Gottl.
707 1844 864 1893 Joecher
880 1845 928 1884 de
948 1844 1118 1895 suspecta
1141 1844 1236 1884 Livii
1258 1844 1359 1892 fide3

238 1913 265 1949 7
285 1926 316 1932 -
339 1913 375 1952 9.
401 1899 496 1938 Dan.
527 1900 666 1948 Georg.
718 1897 877 1946 v{orl-nos,
901 1899 961 1946 Jo.
986 1898 1198 1946 Buherius,
1227 1899 1261 1938 ἃ
1283 1898 1364 1947 Jac.

242 1952 483 1992 Pacciolatus
510 1954 558 1992 de
584 1954 834 1992 Patavinitate
860 1953 1040 1998 Liviana3
1073 1966 1130 1993 10.
1154 1952 1214 2000 Jo,
1243 1953 1363 1993 Hent.

237 2005 434 2046 Boeclerus
462 2007 512 2046 de
536 2007 685 2058 Polybii
723 2007 895 2057 Liviique
922 2006 1066 2046 diversa
1092 2006 1281 2046 scribendi
1310 2020 1364 2046 ra-

240 2061 349 2100 tione
374 2063 408 2100 &
435 2059 549 2110 hujus
576 2062 815 2109 imitatione3
844 2075 902 2101 11.
927 2060 1050 2100 Carol.
1070 2061 1217 2111 Sigonii
1245 2061 1367 2102 Chro-

242 2115 378 2165 nolog.
407 2115 597 2163 Liviana3
638 2129 696 2157 12.
725 2116 897 2165 ejusdem
930 2116 1174 2156 Livianorum
1201 2115 1367 2155 scholio-

241 2183 326 2208 rum
349 2168 495 2220 aliquot
517 2170 756 2210 defenfiones
777 2169 954 2209 adversus
977 2169 1207 2210 Glareanum
1232 2172 1266 2210 8.·
1287 2170 1366 2210 Ro-

239 2223 447 2263 bortellum
464 2239 475 2272 3
507 2237 564 2275 13.
580 2224 695 2264 Gabr.
714 2225 847 2265 Faerni
865 2223 1022 2263 censura
1042 2225 1363 2264 emendationum

240 2278 486 2317 Livianarum
511 2280 595 2319 Car.
618 2279 762 2330 Sigonii
784 2293 794 2327 3
826 2293 884 2328 14.
908 2278 992 2319 Car.
1016 2280 1160 2331 Sigonii
1189 2279 1239 2318 ad
1260 2279 1364 2329 epist.

238 2331 376 2371 Faerni
412 2333 623 2382 responsro3
666 2347 725 2386 15.
759 2334 840 2382 Jac.
878 2334 1064 2374 Gronovii
1095 2332 1293 2384 Epistolae‚
1322 2333 1365 2371 in

238 2386 378 2436 quibus
404 2387 524 2426 multa
546 2387 643 2429 Livii
665 2386 751 2427 loca
771 2387 1028 2439 geographica
1050 2388 1306 2427 emendantur
1327 2388 1364 2426 Sc

240 2439 498 2490 illustrantur,
530 2443 590 2482 16.
612 2441 722 2483 Laut.
748 2442 870 2482 Vallae
886 2442 1024 2494 disput.
1041 2443 1120 2481 duo
1140 2440 1362 2492 Tarquinii,

237 2491 379 2536 =Lucius
403 2497 439 2536 &
465 2498 611 2546 Aruns,
644 2495 755 2537 Prisci
779 2497 982 2547 Tarquinii
1001 2496 1146 2545 filiine‚
1171 2508 1220 2535 an
1251 2507 1370 2545 nepo·-
