1582 2793
192 150 284 195 224
540 130 762 179 T1T1
839 127 1110 175 L1v11

187 257 282 291 tum
299 279 313 301 ‚
331 241 378 289 in
397 240 497 288 suos
518 255 666 286 mores
699 237 908 285 formare.
950 234 1172 296 Quotidie
1200 231 1385 281 coibant
1406 239 1475 279 re-'

187 318 326 364 motis
362 314 565 362 arbitris:
599 313 702 359 inde
733 311 1061 373 impotentibus
1091 306 1290 354 instructi
1321 307 1474 354 confi-⁶

186 389 292 447 liis,
327 405 428 451 quae
462 386 632 433 secreto
672 385 727 431 ab
762 384 857 430 aliis
889 383 1182 446 coquebant,
1224 379 1313 443 jam
1354 379 1473 425 haud

186 459 503 507 diffimulando
542 457 790 520 superbiam
812 489 826 514 ‚
861 455 948 500 rari
986 455 1163 511 aditus,
1204 453 1479 516 colloquen-r

186 534 305 581 tibus
335 532 537 579 difficiles
554 567 568 589 ‚
596 531 649 577 ad
671 532 772 578 Idus
794 528 934 590 Maias
958 544 1050 573 rem
1079 527 1340 589 perduxere.
1373 525 1473 571 Idus

187 623 283 655 tum
307 606 437 668 Majae
466 604 701 651 sollemnes
734 601 942 648 ineundis
972 598 1297 661 magistratibus
1331 609 1473 643 erant.

185 683 324 731 Initio
356 683 492 745 igitur
519 679 794 743 magistratus
815 677 1009 740 primurn
1040 674 1230 721 honoris
1257 673 1376 720 diem
1394 673 1473 718 de-

186 756 472 803 nuntiatione
498 753 688 816 ingentis
719 750 904 798 terroris
926 749 1141 812 insignem
1169 747 1328 794 fecere.
1367 762 1472 791 nam

185 848 288 877 cum
324 830 381 874 ita
413 828 585 891 priores
609 824 857 873 decemviri
882 823 1152 882 servassent,
1183 835 1232 869 ut
1253 838 1366 868 unus
1384 819 1481 866 fas··.

189 919 261 948 ces
282 902 466 947 haberet
481 936 493 956 ‚
520 902 568 946 δέ
586 899 676 946 hoc
697 898 864 960 insigne
883 897 1053 960 regium
1074 896 1119 942 in
1148 896 1303 941 orbem
1321 930 1333 954 ‚
1353 893 1473 940 suam

187 975 403 1038 cujusque
421 973 596 1030 vicem,
616 988 695 1034 per
715 987 873 1018 omnes
896 969 1006 1025 ir‚et
1026 968 1170 1015 subito
1192 958 1350 1014 omnes
1370 983 1473 1012 cum

188 1050 408 1096 duodenis
432 1047 621 1094 fascibus
651 1045 874 1108 prodiere.
913 1044 1114 1089 Centum
1145 1041 1307 1105 vio'mti
1338 1040 1478 1086 licto-v

187 1141 257 1171 res
284 1123 435 1168 forum
465 1119 792 1190 impleverant,
825 1118 875 1162 δε
906 1115 1093 1162 fdcibus
1124 1084 1296 1160 seciites
1327 1111 1473 1176 illiga-

187 1209 252 1244 tas
281 1195 590 1259 praeterebant.
628 1208 708 1237 nec
738 1189 958 1236 attinuisse
988 1188 1104 1234 demi
1131 1186 1347 1245 securim,
1369 1202 1472 1232 cum

187 1269 278 1316 fine
307 1265 644 1332 provocatione
678 1262 814 1310 creati
848 1262 984 1308 essent
1003 1297 1016 1319 ,
1050 1259 1474 1323 interpretabantur.

188 1341 361 1389 Decem
388 1356 539 1403 regum
561 1337 727 1401 species
748 1353 814 1382 er
795 1349 836 1382 rt
852 1352 864 1391 ;
888 1335 1017 1381 multi
1010 1332 1299 1397 plicatusque
1323 1346 1475 1380 terror

188 1433 282 1462 non
314 1413 479 1461 infimis
513 1412 681 1469 solum,
718 1410 789 1457 sed
823 1408 1096 1488 primoribus
1127 1409 1338 1465 Patrum,
1366 1407 1480 1455 ratis·

185 1488 318 1535 caedis
337 1486 510 1534 causam
530 1502 580 1532 ac
602 1485 697 1548 prir
691 1483 870 1546 cipiunt
894 1481 1063 1545 oneri:
1094 1491 1167 1537 ut,
1193 1480 1224 1525 fi
1254 1479 1354 1543 quis
1382 1495 1474 1525 me-

187 1578 362 1608 morem
394 1558 608 1606 libertatis
630 1574 796 1604 vocem
826 1569 901 1602 aut
925 1556 970 1601 in
993 1553 1144 1600 senatu
1164 1564 1238 1599 aut
1257 1552 1302 1598 in
1326 1567 1476 1614 popu-

187 1635 236 1681 lo
267 1634 478 1692 misisset,
509 1633 653 1679 statim
686 1632 826 1694 virgae
852 1628 1112 1691 securesque
1142 1627 1274 1674 etiam
1311 1626 1365 1673 ad
1397 1643 1474 1673 ce-

187 1718 388 1753 terorum
422 1718 590 1752 metum
621 1705 953 1766 expedirentur.
993 1703 1139 1759 Nam,
1177 1713 1472 1764 praeterquam

187 1781 312 1843 quod
333 1781 378 1826 in
405 1780 583 1843 populo
607 1778 717 1824 nibil
745 1790 837 1824 erat
866 1775 1084 1840 praesidii,
1107 1774 1270 1820 sublata
1293 1790 1475 1837 provo·-

189 1853 398 1911 catione‚
435 1851 793 1900 interceffionem
823 1865 1004 1913 quoque
1038 1846 1253 1894 consensu
1286 1846 1476 1893 sustule-

189 1939 315 1974 rant:
354 1944 454 1973 curn
489 1926 664 1988 priores
686 1922 933 1971 decemviri
960 1920 1262 1984 appellatione
1287 1920 1475 1983 collegae

190 2001 355 2062 corrigi
393 2000 563 2045 reddita
601 2000 655 2045 ab
689 1997 730 2043 se
761 1996 856 2059 jura
894 1995 1122 2049 tuliflent3
1158 1995 1207 2041 &
1241 1993 1474 2056 quaedam,

190 2089 290 2135 quae
325 2072 386 2117 sui
418 2072 571 2133 judicii
607 2072 753 2119 videri
784 2070 992 2134 possent,
1032 2069 1086 2115 ad
1120 2068 1337 2131 populum
1364 2062 1476 2127 rejess

190 2145 360 2192 cissent.
378 2145 665 2208 Aliquamdiu
686 2156 881 2208 aequatus
897 2143 1010 2189 inter
1026 2157 1181 2188 omnes
1201 2157 1347 2187 terror
1367 2141 1474 2188 fuit:

192 2218 406 2280 paulatim
441 2230 563 2262 totus
592 2230 769 2262 vertere
796 2217 840 2261 in
869 2215 1044 2278 plebem
1075 2213 1231 2276 coepit.
1268 2212 1474 2258 Abstine-

194 2291 324 2336 batur
355 2307 377 2335 a
397 2290 625 2336 Patribus:
653 2290 699 2334 in
728 2289 988 2335 humiliores
1014 2285 1252 2335 libidinose
1279 2285 1474 2332 crudeli-

197 2375 348 2424 terque
385 2363 731 2410 consulebatur:
772 2362 1006 2407 hominum
1028 2396 1042 2418 ,
1075 2376 1169 2406 non
1212 2358 1474 2417 causarum,

195 2434 281 2480 toti
310 2448 455 2491 erant;
485 2447 533 2481 ut
560 2434 676 2496 apud
703 2449 818 2497 quos
849 2432 987 2497 gratia
1018 2433 1110 2480 vim
1145 2432 1260 2495 aequi
1279 2431 1473 2477 haberet.
