1582 2793
190 141 280 185 160
537 132 1106 180 T1T1L1V11

187 245 373 311 agrestes
404 255 542 291 erant.
574 243 707 308 Capti
738 242 898 291 deinde
925 244 1077 291 eadem
1101 255 1195 290 arte
1222 241 1355 303 sunt,
1385 260 1474 308 qua

187 330 399 382 ceperant
423 319 596 365 Fabios.
641 317 779 364 secuti
807 317 955 364 dedita
980 333 1120 380 opera
1155 316 1309 379 paffim
1336 317 1390 363 ad
1418 317 1475 362 il-

187 394 385 441 lecebras
406 390 615 456 propulsa
635 407 801 454 pecora
815 426 828 447 ‚
850 390 1194 453 praecipitavere
1216 388 1263 434 in
1282 388 1476 435 infidias.

187 483 284 531 quo
314 466 462 529 plures
492 462 804 525 erant‚major
834 463 976 509 caedes
1006 461 1106 508 fuit.
1148 463 1216 508 Ex
1238 461 1323 508 hac
1347 461 1475 508 clade

189 551 320 585 atrox
354 538 416 584 ira
446 535 629 597 majoris
665 534 803 582 cladis
833 533 962 581 causa
994 545 1127 598 atque
1157 533 1338 580 initium
1374 532 1476 580 fuit.

189 612 376 674 trajecto
408 611 528 657 enim
564 610 697 656 nocte
722 608 907 667 Tiberi,
933 607 1071 654 castra
1095 607 1277 654 Servilii
1310 607 1476 655 consu-

188 685 242 731 lis
263 683 410 731 adorti
438 683 538 728 sunt
563 697 837 744 oppugnare.
874 680 977 726 inde
999 678 1081 726 fust
1103 696 1263 742 magna
1285 679 1404 726 caede
1429 679 1479 725 in

189 758 439 806 Ianiculum
472 756 514 801 se
549 771 664 818 aegre
695 771 921 816 recepere.
955 752 1209 800 Confestim
1238 751 1395 800 consul
1428 754 1480 800 &

188 830 282 894 ipse
316 829 468 875 transit
491 829 723 885 Tiberim,
755 827 894 875 castra
923 826 1002 874 sub
1036 827 1240 874 Ianiculo
1268 843 1480 874 commu-

190 904 271 950 nit,
304 902 490 965 postero
519 901 621 957 die,
655 901 754 947 luce
791 913 921 958 orta,
957 899 1170 946 nonnihil
1201 901 1250 946 δε
1283 899 1483 948 hesterna

190 976 406 1022 felicitate
434 992 597 1038 pugnae
626 974 756 1019 ferox
775 1010 788 1030 ‚
811 973 948 1035 magis
970 987 1119 1019 tamen
1135 1009 1148 1030 ‚
1176 973 1300 1035 quod
1324 971 1483 1036 inopia

193 1046 439 1100 frumenti,
461 1046 669 1108 quamvis
692 1046 738 1090 in
758 1046 1006 1108 praecipitia
1022 1082 1035 1105 ‚
1062 1046 1166 1093 dum
1187 1045 1405 1092 celeriora
1420 1045 1483 1092 es-

192 1123 289 1170 sent
308 1159 321 1181 ,
346 1122 503 1185 agebat
534 1121 744 1174 consilia,
782 1133 948 1167 temere
977 1121 1166 1168 adverso
1193 1121 1398 1169 Janiculo
1429 1121 1485 1168 ad

192 1196 331 1243 castra
363 1193 561 1240 hostium
592 1193 733 1240 aciem
758 1193 927 1249 erexit;
959 1193 1214 1257 foediusque
1244 1195 1348 1240 inde
1382 1195 1486 1256 pul-

191 1269 262 1316 sus
277 1306 290 1327 ‚
312 1284 446 1332 quam
471 1266 615 1330 pridie
633 1268 892 1330 pepulerat,
916 1267 1179 1314 interventu
1201 1266 1389 1330 collegae
1409 1268 1484 1330 ip-

194 1343 235 1390 se
265 1341 576 1405 exercitusque
612 1342 705 1404 ejus
739 1342 800 1389 est
829 1341 1043 1388 servatus.
1077 1342 1192 1388 inter
1225 1341 1331 1387 duas
1370 1342 1487 1389 acies

194 1415 399 1474 Etrusci,
429 1432 530 1462 cum
556 1414 755 1462 invicem
778 1415 846 1461 his
875 1428 1007 1478 atque
1040 1413 1127 1460 illis
1155 1425 1277 1476 terga
1308 1413 1486 1473 darent,

195 1489 445 1536 occidione
466 1487 617 1536 occifi.
642 1490 705 1535 Ita
725 1488 981 1552 oppressum
997 1486 1247 1534 temeritate
1263 1485 1384 1534 felici
1399 1489 1488 1534 Ve-

198 1561 296 1623 jens
331 1561 514 1607 bellum.
753 1568 755 1570 ’

264 1636 353 1680 LII.
387 1633 502 1680 Urbi
530 1651 633 1680 cum
655 1649 765 1696 pace
785 1631 934 1679 laxior
965 1631 1097 1679 etiam
1131 1649 1313 1697 annona
1335 1632 1489 1692 rediit,

200 1712 251 1757 &
279 1708 470 1754 advefilo
499 1724 554 1753 ex
584 1707 831 1768 Campania
851 1706 1111 1763 frumento,
1139 1709 1216 1764 &‚
1249 1706 1490 1770 postquam

197 1786 341 1828 timor
380 1780 459 1826 fibi
492 1780 653 1843 cuique
687 1779 849 1827 futurae
882 1780 1051 1842 inopiae
1078 1779 1219 1839 abiit,
1249 1797 1334 1839 eo,
1365 1779 1491 1844 quod

198 1857 400 1904 abditum
439 1854 614 1912 fuerat,
645 1856 842 1917 prolate.
893 1857 960 1900 Ex
993 1854 1125 1917 copia
1164 1853 1326 1901 deinde
1362 1854 1490 1900 otio-.

200 1946 289 1994 que
321 1927 530 1975 lascivire
552 1927 699 1974 rursus
720 1928 885 1984 animi3
913 1929 963 1975 ὅτ.
992 1927 1176 1990 pristina
1200 1928 1314 1975 mala
1331 1964 1344 1985 ,
1366 1928 1487 1990 post-

201 2019 337 2066 quam
369 2001 482 2048 foris
517 2001 730 2059 deerant,
763 2001 888 2048 domi
929 2017 1145 2064 quaerere.
1192 2000 1362 2046 tribuni
1396 2000 1492 2061 ple·

203 2074 305 2120 bem
344 2073 510 2136 agitare
538 2071 620 2119 suo
640 2089 848 2130 veneno,
880 2072 1046 2137 agraria
1073 2072 1198 2136 lege3
1224 2071 1272 2118 in
1292 2069 1493 2117 resisten-

203 2161 270 2193 tes
309 2146 494 2193 incitare
528 2147 709 2205 Patres,
746 2164 829 2193 nec
860 2146 907 2192 in
942 2145 1180 2191 universos
1212 2144 1353 2191 modo
1374 2180 1388 2202 ,
1422 2143 1495 2190 sed

204 2218 253 2264 in
288 2218 500 2282 fingulos.
535 2221 594 2279 Q.
618 2218 859 2265 Considius
880 2219 930 2265 &
954 2219 1011 2265 T.
1038 2217 1270 2264 Genucius
1287 2253 1301 2276 ‚
1335 2218 1495 2264 auclo-

204 2307 275 2336 res
307 2291 488 2354 agrariae
522 2291 654 2352 legis,
683 2291 741 2338 T.
762 2290 979 2336 Menenio
1011 2290 1127 2336 diem
1157 2290 1328 2336 dicunt.
1367 2288 1493 2335 invi-

204 2364 290 2409 diae
318 2374 408 2410 erat
441 2363 641 2409 amiffum
671 2364 897 2408 Cremerae
927 2362 1178 2424 praefidium
1197 2397 1210 2418 ‚
1244 2378 1346 2407 cum
1375 2361 1494 2407 haud

206 2436 370 2498 procul
398 2435 502 2484 inde
522 2435 680 2483 stativa
706 2435 863 2483 consul
894 2435 1125 2483 habuiffet.
1160 2436 1275 2481 Eum
1306 2432 1492 2498 oppres-
