1582 2793
174 215 238 262 68
536 209 1111 258 TITILIVII

173 338 369 386 regnum
403 319 656 384 possederat
677 355 692 377 ‚
720 331 899 377 tamen,
932 318 1041 381 quia
1071 318 1301 366 interdum
1330 316 1488 381 jaciat-i

174 412 319 444 voces
337 413 362 441 a
386 393 554 456 juvene
577 392 839 456 Tarquinio
862 392 1105 450 audiebat,
1142 391 1183 439 se
1208 390 1374 453 injuffu
1397 409 1487 454 po-

172 470 269 536 puli
313 486 534 534 regnare,
569 466 816 515 conciliata
853 466 978 528 prius
1021 467 1268 514 voluntate
1307 464 1487 529 plebis,

174 562 285 609 agro
321 556 457 608 capto
495 561 554 590 ex
591 540 797 588 hostibus
830 539 1008 586 viritim
1045 540 1221 600 diviso,
1260 538 1388 586 ausus
1423 539 1488 586 est

175 618 292 666 ferre
322 617 378 664 ad
407 615 662 680 populum,
693 617 875 668 vellent,
901 614 1170 671 juberenme,
1192 615 1242 675 fi
1275 631 1441 675 regnare
1460 614 1487 659 ἓ

174 707 401 758 tantoque
436 689 660 739 consensu
680 725 694 747 ‚
729 700 908 752 quanto
940 687 1063 734 haud
1099 686 1336 750 quisquam
1369 685 1486 732 alius

177 782 281 818 ante
300 806 314 827 ,
342 785 421 815 rex
444 765 507 813 est
540 764 810 812 declaratuS.
849 762 1011 827 Neque
1043 777 1094 808 ea
1128 778 1198 808 res
1228 759 1487 825 Tarquinio

174 843 299 907 spem
327 838 559 889 affectandi
581 837 708 901 regni
732 835 926 883 minuit:
961 835 1105 880 immo
1135 850 1192 880 eo
1213 833 1486 897 impensius,

174 917 285 980 quia
314 916 368 962 de
398 930 506 978 agro
527 911 671 976 plebis
699 908 889 956 adversa
915 910 1098 954 Parrum
1121 908 1365 956 voluntate
1390 906 1488 953 sen-

176 991 292 1039 serat
320 990 421 1054 agi,
451 986 723 1035 criminandi
744 983 893 1032 Servii
922 982 1045 1045 apud
1068 983 1219 1029 Patres
1236 1017 1249 1041 ,
1278 981 1488 1029 crescen-

176 1066 314 1128 dique
340 1065 386 1110 in
410 1063 538 1110 curia
559 1061 639 1107 fibi
669 1059 963 1108 occasionem
985 1058 1136 1105 datam
1164 1068 1288 1104 ratus
1321 1057 1410 1114 est,
1437 1058 1490 1104 &

176 1137 272 1200 ipse
309 1135 492 1198 juvenis
521 1133 723 1180 ardentis
750 1130 921 1187 animi,
952 1130 1003 1177 &3
1035 1129 1163 1176 domi
1195 1145 1343 1175 uxore
1370 1128 1491 1175 Tul·-

176 1211 240 1258 lia
271 1207 527 1272 inquietum
564 1203 770 1250 animum
806 1199 1075 1248 stimulante.
1114 1200 1245 1247 Tulit
1277 1200 1398 1248 enim
1438 1204 1492 1250 ὃ(

179 1285 389 1331 Romana
408 1278 529 1342 regia
549 1275 727 1324 sceleris
754 1273 914 1338 tragici
943 1272 1203 1336 exemplum
1221 1308 1235 1332 ,
1267 1284 1317 1319 ut
1345 1272 1488 1319 taedio

180 1372 338 1420 regum
359 1352 581 1400 maturior
611 1348 794 1397 veniret
814 1347 995 1394 libertas
1014 1363 1030 1403 3
1066 1345 1371 1408 ultimumque
1392 1361 1492 1409 reg-

181 1446 296 1476 num
313 1426 443 1483 effet,
473 1422 600 1488 quod
617 1421 782 1468 scelere
809 1431 990 1480 partum
1025 1416 1161 1463 foret.
1197 1416 1285 1461 Hic
1305 1418 1355 1462 L.
1369 1417 1490 1462 Tar-

183 1501 368 1566 quinius
406 1496 574 1562 (Prisci
592 1492 837 1557 Tarquinii
868 1491 981 1555 regis
1007 1489 1128 1536 filius
1158 1487 1360 1551 neposne
1387 1487 1490 1534 fue-

185 1576 272 1633 rit,
290 1590 449 1637 parum
468 1571 608 1634 liquet
622 1588 636 1625 g,
658 1565 863 1630 pluribus
886 1576 1037 1611 tamen
1065 1562 1324 1609 auctoribus
1342 1559 1489 1608 filium
1526 1562 1529 1565 ’

185 1644 434 1709 ediderim)
470 1642 653 1690 fratrem
672 1639 890 1686 habuerat
909 1639 1131 1684 Aruntem
1154 1633 1489 1698 Tarquinium,

185 1720 309 1769 mitis
341 1716 512 1782 ingenii
540 1713 771 1775 juvenem.
810 1709 893 1756 His
929 1707 1110 1755 duobus
1132 1743 1146 1765 ,
1178 1719 1229 1753 ut
1259 1718 1363 1754 ante
1391 1706 1491 1752 dic-

186 1807 285 1842 tum
315 1790 376 1837 est
393 1826 407 1849 ,
431 1789 530 1835 duae
544 1785 739 1843 Tulliae,
765 1782 880 1846 regis
903 1780 1005 1827 filiae
1020 1817 1034 1841 ,
1065 1779 1330 1843 nupserant,
1349 1780 1399 1826 &
1419 1779 1493 1842 ip-

189 1866 247 1915 sae
274 1865 411 1928 longe
440 1860 636 1924 dispares
661 1856 884 1905 moribus.
919 1858 1054 1902 Forte
1085 1854 1147 1901 ita
1168 1853 1412 1911 inciderat,
1435 1869 1495 1900 ne

193 1943 286 1990 duo
310 1939 517 1989 violenta
538 1934 719 2000 ingenia
736 1930 1036 1979 matrimonio
1056 1928 1377 1993 jungerentur,
1398 1926 1494 1974 for-

191 2027 301 2063 tuna
316 2051 329 2072 ,
351 2012 488 2061 credo
505 2046 520 2070 ,
542 2007 706 2074 populi
734 2005 966 2064 Romani,
998 2020 1092 2068 quo
1113 2001 1367 2050 diuturnius
1387 2002 1494 2047 Ser-

193 2089 262 2138 vii
292 2104 483 2151 regnum
502 2085 607 2131 effet
625 2120 639 2143 ,
668 2080 975 2144 constituique
995 2078 1197 2127 civitatis
1219 2092 1370 2123 mores
1392 2074 1496 2139 pos-

192 2163 305 2212 sent.
339 2161 604 2225 Angebatur
621 2157 755 2204 ferox
772 2156 926 2202 Tullia
942 2191 957 2214 ,
977 2153 1093 2202 nihil
1124 2151 1322 2199 materiae
1352 2151 1399 2197 in
1422 2151 1496 2198 vi-

193 2253 248 2283 ro
279 2252 427 2299 neque
458 2234 510 2280 ad
541 2231 862 2295 cupiditatem,
883 2244 1031 2292 neque
1050 2226 1104 2272 ad
1123 2225 1355 2271 audaciam
1375 2225 1494 2274 effe:

196 2322 294 2357 tota
326 2310 373 2354 in
413 2307 605 2354 alterum
640 2305 770 2354 versa
798 2303 1137 2366 Tarquinium,
1173 2317 1277 2347 eum
1312 2299 1496 2359 mirari,

194 2399 299 2429 eum
320 2380 470 2427 virum
501 2379 676 2436 dicere,
701 2393 752 2423 ac
773 2376 899 2439 regio
922 2373 1137 2438 sanguine
1165 2386 1346 2419 ortum:
1369 2370 1496 2435 sper-

198 2471 305 2502 nere
339 2452 543 2499 sororcm
564 2488 578 2510 ,
612 2451 741 2515 quod
771 2450 926 2496 virum
961 2450 1086 2494 nacla
1118 2447 1327 2494 muliebri
1356 2444 1495 2493 cessa-

197 2537 265 2573 ret
297 2524 495 2575 audacia.
528 2523 774 2574 Contrahit
801 2522 1007 2573 celeriter
1033 2521 1278 2569 similitudo
1309 2534 1414 2579 eos,
1444 2527 1496 2565 ut
