1582 2793
259 184 866 237 HISTORIARUM
915 183 1051 230 LIB.
1096 182 1128 227 1.
1293 179 1352 225 61

65 312 135 346 tea
165 300 336 363 semper
364 314 449 362 pro
486 293 793 359 indignissimo
822 291 1102 348 habuerant,
1135 287 1178 335 se
1212 287 1362 352 patrio

68 391 210 438 regno
237 374 401 420 tutoris
430 371 587 417 fraude
608 366 758 432 pulsos
776 404 789 426 ‚
822 381 1007 429 regnare
1031 365 1191 410 Romae
1223 363 1365 409 adve-

72 465 208 505 nam,
245 463 340 492 non
375 445 518 492 modo
554 442 753 499 civicae,
790 439 864 487 sed
897 455 954 484 ne
989 437 1151 483 Italicae
1185 437 1370 499 quidem

75 523 250 585 stirpi53
272 536 369 567 tum
391 518 633 583 impenfius
653 517 722 563 his
749 513 993 579 indignitas
1021 510 1244 567 crescere,
1267 510 1296 555 s1
1317 524 1373 555 ne

77 596 134 642 ab
146 594 402 658 Tarquinio
422 593 602 656 quidem
623 592 677 638 ad
697 590 738 637 se
758 590 923 636 rediret
941 602 1154 651 regnum,
1169 583 1240 630 sed
1262 601 1377 646 prae-

78 684 187 730 ceps
217 667 320 713 inde
348 683 492 729 porro
525 666 580 712 ad
610 664 791 711 servitia
827 662 1035 709 caderet:
1070 670 1118 706 ut
1149 657 1196 704 in
1224 657 1378 703 eadem

81 739 269 787 civitate
299 738 400 802 post
435 737 729 785 centesimum
759 734 852 781 fere
883 750 1082 790 annum,
1112 748 1247 796 quam
1282 730 1383 776 Ro-

85 812 236 860 mulus
254 813 362 859 Deo
384 823 658 875 prognatus,
674 810 802 856 Deus
818 806 933 871 ipse,
952 805 1148 852 tenuerit
1168 820 1384 868 regnum,

87 886 238 932 donec
267 885 315 931 in
341 884 474 931 terris
503 882 664 940 fuerit,
694 882 740 928 id
767 881 918 928 servus
941 879 1071 926 serva
1095 889 1225 924 natus
1251 875 1387 939 poffi-

91 959 208 1006 deat.
245 970 341 1005 turn
377 966 619 1005 commune
643 955 843 1003 Romani
871 953 1101 1011 nominis,
1144 963 1240 998 tum
1271 967 1389 1014 prae-

94 1033 227 1096 cipue
256 1032 302 1079 id
330 1033 493 1079 domus
521 1031 610 1078 suae
644 1030 839 1078 dedecus
874 1026 1002 1087 fore,
1036 1026 1067 1073 fi
1085 1062 1099 1085 ‚
1128 1024 1246 1072 Anci
1273 1024 1393 1089 regis

96 1106 224 1153 virili
258 1106 392 1168 stirpe
421 1104 574 1163 salva,
603 1121 700 1151 non
727 1103 870 1150 modo
900 1101 1120 1160 advenis,
1154 1098 1228 1146 sed
1253 1097 1395 1145 servis

98 1178 233 1225 etiam
250 1214 263 1235 ‚
286 1195 475 1242 regnum
493 1179 656 1224 Romae
675 1189 861 1241 pateret.
891 1178 1030 1223 Ferro
1051 1174 1187 1238 igitur
1209 1190 1309 1220 eam
1329 1189 1398 1218 ar·

100 1268 202 1299 cere
224 1250 547 1299 contumeliam
568 1250 779 1298 statuunt.
814 1250 901 1297 Sed
932 1250 982 1297 &
1003 1247 1179 1311 injuriae
1197 1246 1335 1294 dolor
1352 1247 1401 1292 in

104 1325 407 1389 Tarquinium
436 1324 579 1387 ipsum
619 1323 758 1388 magis
776 1360 790 1383 ‚
826 1340 960 1387 quam
991 1322 1039 1369 in
1067 1320 1303 1379 Servium,
1321 1336 1402 1367 eos

105 1398 382 1446 stimulabat:
417 1399 466 1446 &
487 1397 595 1462 quia
616 1397 806 1463 gravior
830 1396 954 1443 ultor
972 1394 1130 1455 caedis‚
1156 1394 1188 1441 fi
1208 1391 1404 1456 superes-

109 1472 173 1520 set
191 1509 204 1531 ,
233 1490 315 1520 rex
338 1472 516 1520 futurus
547 1484 672 1532 erat,
703 1488 840 1535 quam
872 1471 1105 1534 privatus:
1140 1480 1270 1526 tum,
1303 1467 1408 1512 Ser-

110 1547 193 1593 vio
227 1546 413 1604 occiso,
444 1561 766 1610 quemcunque
797 1544 935 1592 alium
965 1559 1181 1607 generum
1221 1539 1411 1605 delegis-

112 1619 202 1679 set,
235 1621 429 1668 eundem
450 1621 577 1684 regni
604 1621 814 1667 heredem
835 1618 1028 1666 fachlrus
1048 1616 1299 1666 videbatur.
1333 1615 1414 1662 Ob

115 1693 215 1741 haec
245 1694 326 1757 ipsi
356 1693 448 1757 regi
475 1693 646 1741 infidiae
677 1704 905 1757 parantur.
944 1692 1012 1737 Ex
1038 1689 1292 1755 pastoribus
1320 1689 1415 1736 duo

117 1766 381 1816 ferociffimi
404 1768 563 1816 deleffi
582 1769 638 1816 ad
654 1768 826 1816 facinus
843 1805 857 1827 ,
877 1766 1044 1831 quibus
1067 1764 1272 1814 consueti
1289 1775 1418 1812 erant

120 1855 312 1907 uterque
343 1843 587 1907 agrestibus
614 1840 920 1899 ferramentis,
938 1840 987 1887 in
1008 1838 1237 1887 vestibulo
1258 1837 1419 1902 regiae,

123 1933 257 1980 quam
289 1930 481 1981 potuere
515 1915 910 1964 tumultuosissime
930 1950 944 1972 ‚
981 1913 1128 1977 specie
1159 1912 1270 1958 rixae
1297 1911 1346 1956 in
1378 1909 1422 1958 se

126 2006 287 2038 omnes
322 1991 605 2054 apparitores
632 1990 781 2054 regios
811 1999 1105 2036 convertunt.
1144 1986 1249 2033 inde
1269 2022 1284 2045 ‚
1317 2002 1427 2032 cum

127 2066 263 2111 ambo
295 2081 446 2129 regem
468 2065 777 2129 appellarent,
809 2062 1073 2126 clamorque
1103 2077 1264 2107 eorum
1294 2059 1428 2123 peni-

129 2148 198 2184 tus
218 2138 265 2183 in
286 2139 453 2202 regiam
475 2136 748 2200 perveniffet
763 2173 777 2195 ‚
796 2136 952 2185 vocati
970 2135 1026 2181 ad
1046 2150 1198 2199 regem
1218 2144 1429 2198 pergunt.

132 2213 286 2260 Primo
317 2224 506 2276 uterque
541 2209 826 2269 vociferari,
860 2213 909 2259 &
933 2210 1140 2257 certatim
1172 2208 1283 2255 alter
1318 2207 1431 2253 alte-

134 2286 172 2332 ri
203 2285 494 2349 obstrepere:
531 2285 720 2333 coerciti
749 2285 805 2332 ab
836 2284 995 2331 suffore
1014 2319 1028 2342 ,
1063 2283 1113 2331 &
1144 2281 1244 2344 juffi
1279 2282 1326 2328 in
1359 2279 1433 2326 vi·-

138 2377 237 2407 cem
266 2359 442 2419 dicere,
470 2361 653 2408 tandem
682 2359 877 2422 obloqui
908 2357 1132 2404 desistunt.
1176 2358 1306 2403 Unus
1338 2370 1436 2400 rem

140 2453 196 2483 ex
218 2433 477 2497 composito
499 2434 693 2481 orditur.
725 2435 843 2481 Cum
870 2432 1071 2479 intentus
1091 2429 1138 2476 in
1164 2445 1266 2476 eum
1292 2426 1334 2473 se
1354 2442 1435 2473 rex

144 2526 266 2564 totus
287 2521 538 2568 averteret,
570 2508 683 2558 alter
716 2507 879 2561 elatam
908 2504 1100 2563 securim
1125 2503 1173 2550 in
1201 2515 1336 2566 caput
1361 2499 1438 2547 de-
