1680 2803
593 155 715 201 VI
767 156 908 202 TA.
1322 170 1409 203 mx

122 260 302 324 reponit
317 259 562 308 panvinius
583 278 594 307 :
615 260 839 309 Consules
870 272 1016 307 tamen
1037 262 1216 322 habuit,
1241 265 1289 312 &
1312 264 1412 328 qui-

121 345 222 391 dem
253 343 539 401 clariflimos‚
560 343 857 391 Salinatorem
874 379 889 403 ‚
912 344 1160 402 Dentrem,
1180 347 1379 393 Drusum
1393 384 1409 405 ‚

119 427 341 474 Libonem
361 426 736 490 cognominatos,
756 426 1039 491 Patavioque
1057 426 1274 474 summum
1298 447 1409 475 con-

118 508 293 556 ciliavit
317 508 602 572 splendorem
620 546 635 568 ,
663 510 791 574 quod
815 509 999 557 Livium
1033 510 1236 556 nostrum
1259 512 1408 558 edide-

116 592 188 639 rit.
215 593 290 638 De
310 591 435 653 cujus
459 593 601 656 patria
621 594 671 639 &
692 592 912 639 natalibus
934 592 1047 638 nihil
1068 591 1281 648 referam3
1304 611 1407 640 cum

117 676 167 722 &
198 692 221 721 a
242 674 481 737 proposito
510 675 716 721 instituto
744 660 945 733 recedat,
978 675 1029 722 &
1059 674 1404 723 clarissimorum

114 757 324 806 virorum
342 757 577 804 innumera
598 757 880 820 suppeditent
899 758 1154 805 testimonia
1168 793 1183 817 ,
1203 757 1281 822 qui
1300 775 1404 805 eum

111 841 410 898 Patavinum,
433 857 594 905 genere
625 841 824 900 clarum,
851 840 1140 904 historiaeque
1173 855 1404 904 parentem

112 923 338 970 declarant
356 942 366 971 :
400 924 518 971 inter
539 940 654 988 quos
684 923 738 970 de
760 924 854 986 ejus
873 923 1016 988 gloria
1035 924 1126 970 hoc
1147 941 1287 971 unum
1312 923 1405 983 PH,-

111 1006 176 1052 nii
202 1016 212 1037 ¹
239 1007 294 1053 ad
312 1008 538 1070 Nepotem
565 1007 869 1070 plurimorum
889 1007 998 1054 loco
1021 1006 1242 1054 sufficiat:
1272 1011 1403 1054 Nun«-

108 1109 283 1151 quamne
311 1092 439 1156 legisti
456 1126 470 1149 ,
495 1092 762 1137 Gaditanum
793 1094 1029 1154 quendam,
1056 1094 1143 1138 Titi
1168 1092 1286 1137 Livii
1319 1110 1402 1137 tzo-

106 1176 216 1220 mine
242 1178 456 1236 gloriaque
490 1191 736 1222 commotum
753 1210 767 1232 ‚
796 1179 857 1220 ad
878 1176 1095 1235 visendum
1125 1193 1215 1220 eum
1247 1176 1301 1220 ab
1333 1179 1400 1220 ul-

104 1259 206 1302 timo
234 1274 430 1303 terrarum
455 1260 548 1304 orbe
582 1256 728 1322 vemffit
745 1261 988 1326 ‚statimque
1005 1294 1020 1314 ,
1047 1274 1093 1304 ut
1116 1258 1278 1304 viderat
1294 1293 1308 1315 ‚
1324 1261 1400 1303 ab·

103 1334 188 1400 izffi:
204 1339 228 1381 ἓ
268 1336 397 1383 Vixit
428 1339 589 1384 Romae
609 1338 745 1402 usque
766 1340 821 1386 ad
838 1339 1024 1403 Augusti
1051 1339 1270 1386 decessum
1286 1376 1300 1399 ‚
1321 1341 1397 1387 cui

103 1417 273 1465 summe
304 1432 455 1483 gratus
488 1434 598 1467 erat.
630 1422 734 1468 Post
759 1421 853 1484 ejus
880 1439 996 1470 vero
1024 1433 1219 1469 mortem
1242 1423 1396 1470 hono-

102 1501 228 1548 ribus
260 1502 477 1566 annisque
507 1503 696 1552 defcffus
715 1541 728 1563 ,
748 1505 795 1551 in
828 1505 1017 1568 patriam
1052 1505 1283 1564 reversus,
1313 1524 1396 1569 pu-

101 1583 231 1632 blicis
257 1603 282 1632 a
309 1585 539 1634 Patavinis
572 1601 778 1652 receptus
808 1588 894 1634 fuit
923 1588 1322 1636 acclamationibus
1348 1599 1395 1634 2:

99 1667 176 1713 ubi
192 1668 382 1715 Tiberio
404 1669 577 1717 Caesare
595 1671 797 1735 Augusto
815 1674 870 1719 III
889 1673 939 1720 δε
957 1672 1233 1719 Germanico
1252 1672 1396 1719 Caesa·

96 1767 145 1797 re
166 1752 202 1797 11
220 1751 494 1800 Consulibus
508 1788 522 1809 ,
543 1770 614 1802 an.
640 1757 694 1801 U.
712 1755 765 1802 C.
788 1768 1068 1814 10CCLXX1,
1085 1773 1110 1802 a
1134 1767 1265 1818 partu
1286 1755 1391 1801 Vir-

97 1833 213 1896 ginis
247 1835 386 1894 XlX,
416 1835 593 1899 imperii
627 1837 800 1885 Tiberii
830 1851 993 1901 quarto
1011 1875 1026 1898 ‚
1049 1837 1225 1901 suaeque
1249 1839 1392 1885 aetatis

97 1916 323 1976 LXXVI,
358 1935 382 1964 e
415 1919 510 1966 vita
542 1920 738 1967 exceffit.
791 1921 977 1984 Corpus
1005 1920 1099 1981 ejus
1130 1921 1247 1968 haud
1276 1939 1390 1985 pro-

97 1998 172 2046 cul
195 2016 218 2045 a
238 2000 515 2048 Concordiae
537 2002 709 2064 templo
738 2003 977 2050 conditum
999 2003 1146 2060 fuisse,
1166 2006 1217 2052 δε
1235 2004 1390 2052 saxum

97 2079 245 2141 istud,
283 2083 334 2130 &
371 2082 467 2145 ejus
506 2085 598 2132 offa
634 2085 696 2132 ibi
729 2098 856 2133 eruta
891 2087 1068 2135 abunde
1100 2086 1388 2137 confirmant.

95 2165 144 2210 Id
174 2182 276 2211 cum
309 2167 501 2216 Jacobus
538 2169 765 2217 Cavacius
786 2206 800 2228 ‚
830 2170 1210 2234 Congregationis
1248 2172 1387 2220 Divae

98 2245 274 2294 ‘ustinae
297 2249 545 2299 Coenobita
568 2261 584 2294 3
599 2289 613 2312 ,
637 2251 817 2317 ejusque
837 2253 1096 2301 monasterii
1114 2253 1386 2313 Histoi-icus,

179 2397 194 2423 1
231 2384 311 2425 Lib.
341 2387 401 2436 H,
426 2389 495 2439 Ep.
529 2404 561 2442 3.
825 2408 842 2447 3
890 2395 984 2436 Hist.
1019 2396 1183 2438 Coeuob.
1215 2395 1261 2436 D.
1291 2394 1383 2444 Just.

176 2451 198 2478 2
218 2438 369 2481 Panvin.
392 2443 486 2484 Fast.
514 2444 579 2485 lib.
604 2450 652 2486 2.'
769 2448 835 2488 lib.
862 2463 892 2503 5.
911 2450 976 2491 sol.
1000 2451 1091 2491 218.
