<?xml version="1.0" encoding="UTF-8"?>
<!DOCTYPE html PUBLIC "-//W3C//DTD XHTML 1.0 Transitional//EN"
    "http://www.w3.org/TR/xhtml1/DTD/xhtml1-transitional.dtd">
<html xmlns="http://www.w3.org/1999/xhtml" xml:lang="en" lang="en">
 <head>
  <title>
</title>
<meta http-equiv="Content-Type" content="text/html;charset=utf-8" />
  <meta name='ocr-system' content='tesseract 3.04.00' />
  <meta name='ocr-capabilities' content='ocr_page ocr_carea ocr_par ocr_line ocrx_word'/>
</head>
<body>
  <div class='ocr_page' id='page_1' title='image "./historiarumlibri01livyuoft_0273.png"; bbox 0 0 1582 2793; ppageno 0'>
   <div class='ocr_carea' id='block_1_1' title="bbox 235 198 1317 268">
    <p class='ocr_par' dir='ltr' id='par_1_1' title="bbox 235 198 1317 268">
     <span class='ocr_line' id='line_1_1' title="bbox 235 198 1317 268; baseline 0.003 -20"><span class='ocrx_word' id='word_1_1' title='bbox 235 198 842 249; x_wconf 78' lang='lat' dir='ltr'><strong>HISTORlARUM</strong></span> <span class='ocrx_word' id='word_1_2' title='bbox 889 198 1020 247; x_wconf 68' lang='grc' dir='ltr'><strong>ΜΒ.</strong></span> <span class='ocrx_word' id='word_1_3' title='bbox 1058 201 1122 250; x_wconf 87' lang='lat'><strong>11.</strong></span> <span class='ocrx_word' id='word_1_4' title='bbox 1230 217 1317 268; x_wconf 87' lang='lat'><strong>109</strong></span> 
     </span>
    </p>
   </div>
   <div class='ocr_carea' id='block_1_2' title="bbox 28 307 1336 1029">
    <p class='ocr_par' dir='ltr' id='par_1_2' title="bbox 28 307 1336 1029">
     <span class='ocr_line' id='line_1_2' title="bbox 28 307 1321 375; baseline 0 -17"><span class='ocrx_word' id='word_1_5' title='bbox 28 329 111 359; x_wconf 87' lang='lat' dir='ltr'><strong>nus</strong></span> <span class='ocrx_word' id='word_1_6' title='bbox 140 312 262 375; x_wconf 83' lang='lat' dir='ltr'><strong>pacis</strong></span> <span class='ocrx_word' id='word_1_7' title='bbox 295 327 350 357; x_wconf 78' lang='lat' dir='ltr'><strong>ex</strong></span> <span class='ocrx_word' id='word_1_8' title='bbox 376 309 549 358; x_wconf 89' lang='lat' dir='ltr'><strong>foedere</strong></span> <span class='ocrx_word' id='word_1_9' title='bbox 586 307 897 354; x_wconf 88' lang='lat' dir='ltr'><strong>restituerunt:</strong></span> <span class='ocrx_word' id='word_1_10' title='bbox 933 309 982 354; x_wconf 89' lang='lat'>&amp;</span> <span class='ocrx_word' id='word_1_11' title='bbox 1017 310 1132 371; x_wconf 85' lang='lat' dir='ltr'><strong>apud</strong></span> <span class='ocrx_word' id='word_1_12' title='bbox 1170 328 1321 374; x_wconf 69' lang='lat' dir='ltr'><strong>regem</strong></span> 
     </span>
     <span class='ocr_line' id='line_1_3' title="bbox 30 380 1320 445; baseline -0.001 -13"><span class='ocrx_word' id='word_1_13' title='bbox 30 386 264 433; x_wconf 79' lang='lat' dir='ltr'><strong>Etruscum</strong></span> <span class='ocrx_word' id='word_1_14' title='bbox 304 401 398 432; x_wconf 93' lang='lat' dir='ltr'><strong>non</strong></span> <span class='ocrx_word' id='word_1_15' title='bbox 432 394 526 430; x_wconf 84' lang='lat' dir='ltr'><strong>tuta</strong></span> <span class='ocrx_word' id='word_1_16' title='bbox 566 381 745 440; x_wconf 84' lang='lat' dir='ltr'><strong>solum,</strong></span> <span class='ocrx_word' id='word_1_17' title='bbox 782 380 855 426; x_wconf 88' lang='lat' dir='ltr'><strong>sed</strong></span> <span class='ocrx_word' id='word_1_18' title='bbox 893 381 1116 428; x_wconf 85' lang='lat' dir='ltr'><strong>honorata</strong></span> <span class='ocrx_word' id='word_1_19' title='bbox 1150 385 1282 431; x_wconf 82' lang='lat' dir='ltr'><strong>etiam</strong></span> <span class='ocrx_word' id='word_1_20' title='bbox 1305 423 1320 445; x_wconf 89' lang='lat'>‚</span> 
     </span>
     <span class='ocr_line' id='line_1_4' title="bbox 34 456 1324 520; baseline 0 -15"><span class='ocrx_word' id='word_1_21' title='bbox 34 459 181 507; x_wconf 85' lang='lat' dir='ltr'><strong>virtus</strong></span> <span class='ocrx_word' id='word_1_22' title='bbox 211 459 324 505; x_wconf 88' lang='lat' dir='ltr'><strong>fuit:</strong></span> <span class='ocrx_word' id='word_1_23' title='bbox 358 458 668 520; x_wconf 74' lang='lat' dir='ltr'>laudatamque</span> <span class='ocrx_word' id='word_1_24' title='bbox 706 456 930 519; x_wconf 78' lang='lat' dir='ltr'><strong>virginem</strong></span> <span class='ocrx_word' id='word_1_25' title='bbox 963 469 1087 516; x_wconf 87' lang='lat' dir='ltr'><strong>parte</strong></span> <span class='ocrx_word' id='word_1_26' title='bbox 1117 458 1324 506; x_wconf 76' lang='lat' dir='ltr'><strong>obsidum</strong></span> 
     </span>
     <span class='ocr_line' id='line_1_5' title="bbox 34 527 1327 593; baseline -0.001 -16"><span class='ocrx_word' id='word_1_27' title='bbox 34 530 78 577; x_wconf 87' lang='lat' dir='ltr'><strong>se</strong></span> <span class='ocrx_word' id='word_1_28' title='bbox 112 532 282 578; x_wconf 84' lang='lat' dir='ltr'><strong>donare</strong></span> <span class='ocrx_word' id='word_1_29' title='bbox 312 531 453 578; x_wconf 82' lang='lat' dir='ltr'>dixit:</span> <span class='ocrx_word' id='word_1_30' title='bbox 484 530 604 593; x_wconf 79' lang='lat' dir='ltr'><strong>ipsa,</strong></span> <span class='ocrx_word' id='word_1_31' title='bbox 634 544 750 593; x_wconf 81' lang='lat' dir='ltr'><strong>quos</strong></span> <span class='ocrx_word' id='word_1_32' title='bbox 786 528 952 583; x_wconf 85' lang='lat' dir='ltr'><strong>vellet,</strong></span> <span class='ocrx_word' id='word_1_33' title='bbox 988 527 1166 590; x_wconf 81' lang='lat' dir='ltr'><strong>legeret.</strong></span> <span class='ocrx_word' id='word_1_34' title='bbox 1210 531 1327 577; x_wconf 84' lang='lat' dir='ltr'><strong>Pro-</strong></span> 
     </span>
     <span class='ocr_line' id='line_1_6' title="bbox 40 599 1330 667; baseline 0.002 -19"><span class='ocrx_word' id='word_1_35' title='bbox 40 603 181 650; x_wconf 70' lang='lat' dir='ltr'><strong>duffis</strong></span> <span class='ocrx_word' id='word_1_36' title='bbox 212 604 451 661; x_wconf 79' lang='lat' dir='ltr'><strong>omnibus,</strong></span> <span class='ocrx_word' id='word_1_37' title='bbox 484 602 658 667; x_wconf 71' lang='lat' dir='ltr'><strong>elegisse</strong></span> <span class='ocrx_word' id='word_1_38' title='bbox 680 600 883 664; x_wconf 83' lang='lat' dir='ltr'><strong>impubes</strong></span> <span class='ocrx_word' id='word_1_39' title='bbox 906 599 1099 646; x_wconf 84' lang='lat' dir='ltr'><strong>dicitur:</strong></span> <span class='ocrx_word' id='word_1_40' title='bbox 1132 604 1255 664; x_wconf 86' lang='lat' dir='ltr'><strong>quod</strong></span> <span class='ocrx_word' id='word_1_41' title='bbox 1278 607 1330 651; x_wconf 62' lang='grc' dir='ltr'><strong>ὃς</strong></span> 
     </span>
     <span class='ocr_line' id='line_1_7' title="bbox 40 672 1328 740; baseline 0.001 -18"><span class='ocrx_word' id='word_1_42' title='bbox 40 676 294 740; x_wconf 83' lang='lat' dir='ltr'><strong>virginitati</strong></span> <span class='ocrx_word' id='word_1_43' title='bbox 333 678 551 724; x_wconf 86' lang='lat' dir='ltr'><strong>decorum</strong></span> <span class='ocrx_word' id='word_1_44' title='bbox 577 714 592 736; x_wconf 82' lang='lat'><strong>,</strong></span> <span class='ocrx_word' id='word_1_45' title='bbox 626 678 676 723; x_wconf 88' lang='lat'>&amp;</span> <span class='ocrx_word' id='word_1_46' title='bbox 710 672 928 722; x_wconf 88' lang='lat' dir='ltr'><strong>consensu</strong></span> <span class='ocrx_word' id='word_1_47' title='bbox 961 673 1166 720; x_wconf 80' lang='lat' dir='ltr'><strong>obsidum</strong></span> <span class='ocrx_word' id='word_1_48' title='bbox 1206 676 1328 738; x_wconf 89' lang='lat' dir='ltr'><strong>ipso-</strong></span> 
     </span>
     <span class='ocr_line' id='line_1_8' title="bbox 40 745 1332 810; baseline 0.002 -18"><span class='ocrx_word' id='word_1_49' title='bbox 40 764 140 793; x_wconf 88' lang='lat' dir='ltr'><strong>rum</strong></span> <span class='ocrx_word' id='word_1_50' title='bbox 169 748 401 810; x_wconf 79' lang='lat' dir='ltr'>probabile</span> <span class='ocrx_word' id='word_1_51' title='bbox 429 761 551 807; x_wconf 86' lang='lat' dir='ltr'><strong>erat,</strong></span> <span class='ocrx_word' id='word_1_52' title='bbox 581 765 677 794; x_wconf 83' lang='lat' dir='ltr'><strong>eam</strong></span> <span class='ocrx_word' id='word_1_53' title='bbox 703 759 877 793; x_wconf 81' lang='lat' dir='ltr'><strong>aetatem</strong></span> <span class='ocrx_word' id='word_1_54' title='bbox 906 745 1183 807; x_wconf 85' lang='lat' dir='ltr'><strong>potiffimum</strong></span> <span class='ocrx_word' id='word_1_55' title='bbox 1215 748 1332 794; x_wconf 89' lang='lat' dir='ltr'><strong>libe-—</strong></span> 
     </span>
     <span class='ocr_line' id='line_1_9' title="bbox 43 818 1334 883; baseline 0.001 -17"><span class='ocrx_word' id='word_1_56' title='bbox 43 820 131 866; x_wconf 86' lang='lat' dir='ltr'><strong>rari</strong></span> <span class='ocrx_word' id='word_1_57' title='bbox 163 820 218 866; x_wconf 87' lang='lat' dir='ltr'><strong>ab</strong></span> <span class='ocrx_word' id='word_1_58' title='bbox 245 821 402 879; x_wconf 84' lang='lat' dir='ltr'><strong>hoste,</strong></span> <span class='ocrx_word' id='word_1_59' title='bbox 432 838 530 883; x_wconf 83' lang='lat' dir='ltr'><strong>quae</strong></span> <span class='ocrx_word' id='word_1_60' title='bbox 560 821 756 867; x_wconf 81' lang='lat' dir='ltr'>maxime</span> <span class='ocrx_word' id='word_1_61' title='bbox 778 830 1039 880; x_wconf 84' lang='lat' dir='ltr'><strong>opportuna</strong></span> <span class='ocrx_word' id='word_1_62' title='bbox 1071 818 1246 877; x_wconf 77' lang='lat' dir='ltr'><strong>injuriae</strong></span> <span class='ocrx_word' id='word_1_63' title='bbox 1269 821 1334 867; x_wconf 88' lang='lat' dir='ltr'><strong>es-</strong></span> 
     </span>
     <span class='ocr_line' id='line_1_10' title="bbox 45 892 1336 956; baseline 0.002 -16"><span class='ocrx_word' id='word_1_64' title='bbox 45 893 120 941; x_wconf 86' lang='lat' dir='ltr'><strong>set.</strong></span> <span class='ocrx_word' id='word_1_65' title='bbox 151 895 265 940; x_wconf 85' lang='lat' dir='ltr'><strong>Pace</strong></span> <span class='ocrx_word' id='word_1_66' title='bbox 299 894 596 956; x_wconf 79' lang='lat' dir='ltr'><strong>redintegrata</strong></span> <span class='ocrx_word' id='word_1_67' title='bbox 617 931 630 951; x_wconf 88' lang='lat'>‚</span> <span class='ocrx_word' id='word_1_68' title='bbox 664 892 863 939; x_wconf 86' lang='lat' dir='ltr'><strong>Romani</strong></span> <span class='ocrx_word' id='word_1_69' title='bbox 892 910 1060 939; x_wconf 84' lang='lat' dir='ltr'><strong>novam</strong></span> <span class='ocrx_word' id='word_1_70' title='bbox 1092 894 1137 940; x_wconf 91' lang='lat' dir='ltr'><strong>in</strong></span> <span class='ocrx_word' id='word_1_71' title='bbox 1165 894 1336 943; x_wconf 82' lang='lat' dir='ltr'><strong>femina</strong></span> 
     </span>
     <span class='ocr_line' id='line_1_11' title="bbox 46 964 1336 1029; baseline -0.001 -16"><span class='ocrx_word' id='word_1_72' title='bbox 46 966 266 1013; x_wconf 84' lang='lat' dir='ltr'><strong>virtutem</strong></span> <span class='ocrx_word' id='word_1_73' title='bbox 288 983 419 1014; x_wconf 91' lang='lat' dir='ltr'><strong>novo</strong></span> <span class='ocrx_word' id='word_1_74' title='bbox 444 982 602 1029; x_wconf 80' lang='lat' dir='ltr'><strong>genere</strong></span> <span class='ocrx_word' id='word_1_75' title='bbox 623 964 815 1012; x_wconf 89' lang='lat' dir='ltr'><strong>honoris</strong></span> <span class='ocrx_word' id='word_1_76' title='bbox 831 1000 844 1019; x_wconf 76' lang='grc'>,</span> <span class='ocrx_word' id='word_1_77' title='bbox 863 964 1000 1010; x_wconf 83' lang='lat' dir='ltr'><strong>statua</strong></span> <span class='ocrx_word' id='word_1_78' title='bbox 1019 965 1232 1028; x_wconf 80' lang='lat' dir='ltr'><strong>equestri,</strong></span> <span class='ocrx_word' id='word_1_79' title='bbox 1253 966 1336 1012; x_wconf 83' lang='lat' dir='ltr'><strong>do·—</strong></span> 
     </span>
    </p>
   </div>
   <div class='ocr_carea' id='block_1_3' title="bbox 50 1035 1337 1180">
    <p class='ocr_par' dir='ltr' id='par_1_3' title="bbox 50 1035 1337 1180">
     <span class='ocr_line' id='line_1_12' title="bbox 50 1035 1337 1101; baseline 0 -17"><span class='ocrx_word' id='word_1_80' title='bbox 50 1056 233 1087; x_wconf 86' lang='lat' dir='ltr'><strong>navere.</strong></span> <span class='ocrx_word' id='word_1_81' title='bbox 267 1040 315 1086; x_wconf 87' lang='lat' dir='ltr'><strong>in</strong></span> <span class='ocrx_word' id='word_1_82' title='bbox 345 1040 514 1087; x_wconf 82' lang='lat' dir='ltr'><strong>summa</strong></span> <span class='ocrx_word' id='word_1_83' title='bbox 533 1040 665 1086; x_wconf 87' lang='lat' dir='ltr'><strong>Sacra</strong></span> <span class='ocrx_word' id='word_1_84' title='bbox 696 1036 771 1084; x_wconf 86' lang='lat' dir='ltr'><strong>via</strong></span> <span class='ocrx_word' id='word_1_85' title='bbox 800 1035 887 1084; x_wconf 83' lang='lat' dir='ltr'><strong>fuit</strong></span> <span class='ocrx_word' id='word_1_86' title='bbox 917 1037 1062 1100; x_wconf 84' lang='lat' dir='ltr'><strong>pofita</strong></span> <span class='ocrx_word' id='word_1_87' title='bbox 1090 1037 1226 1101; x_wconf 82' lang='lat' dir='ltr'><strong>virgo</strong></span> <span class='ocrx_word' id='word_1_88' title='bbox 1264 1038 1337 1084; x_wconf 88' lang='lat' dir='ltr'><strong>in·</strong></span> 
     </span>
     <span class='ocr_line' id='line_1_13' title="bbox 52 1114 358 1180; baseline 0.007 -20"><span class='ocrx_word' id='word_1_89' title='bbox 52 1114 197 1162; x_wconf 83' lang='lat' dir='ltr'><strong>fidens</strong></span> <span class='ocrx_word' id='word_1_90' title='bbox 219 1132 358 1180; x_wconf 87' lang='lat' dir='ltr'><strong>equo.</strong></span> 
     </span>
    </p>
   </div>
   <div class='ocr_carea' id='block_1_4' title="bbox 55 1185 1352 1617">
    <p class='ocr_par' dir='ltr' id='par_1_4' title="bbox 55 1185 1352 1617">
     <span class='ocr_line' id='line_1_14' title="bbox 117 1185 1341 1252; baseline -0.001 -17"><span class='ocrx_word' id='word_1_91' title='bbox 117 1190 242 1236; x_wconf 90' lang='lat' dir='ltr'><strong>XIV.</strong></span> <span class='ocrx_word' id='word_1_92' title='bbox 278 1188 395 1235; x_wconf 86' lang='lat' dir='ltr'>Huic</span> <span class='ocrx_word' id='word_1_93' title='bbox 425 1200 516 1236; x_wconf 82' lang='lat' dir='ltr'><strong>tam</strong></span> <span class='ocrx_word' id='word_1_94' title='bbox 544 1201 712 1251; x_wconf 83' lang='lat' dir='ltr'><strong>pacatae</strong></span> <span class='ocrx_word' id='word_1_95' title='bbox 742 1185 1015 1252; x_wconf 72' lang='lat' dir='ltr'><strong>profeffioni</strong></span> <span class='ocrx_word' id='word_1_96' title='bbox 1042 1186 1097 1233; x_wconf 91' lang='lat' dir='ltr'><strong>ab</strong></span> <span class='ocrx_word' id='word_1_97' title='bbox 1126 1188 1235 1235; x_wconf 87' lang='lat' dir='ltr'><strong>urbe</strong></span> <span class='ocrx_word' id='word_1_98' title='bbox 1268 1203 1341 1234; x_wconf 85' lang='lat' dir='ltr'><strong>re-</strong></span> 
     </span>
     <span class='ocr_line' id='line_1_15' title="bbox 55 1260 1342 1325; baseline 0.001 -19"><span class='ocrx_word' id='word_1_99' title='bbox 55 1260 120 1325; x_wconf 88' lang='lat' dir='ltr'><strong>gis</strong></span> <span class='ocrx_word' id='word_1_100' title='bbox 153 1262 323 1309; x_wconf 79' lang='lat' dir='ltr'>Etrusci</span> <span class='ocrx_word' id='word_1_101' title='bbox 351 1263 601 1310; x_wconf 79' lang='lat' dir='ltr'><strong>abhorrens</strong></span> <span class='ocrx_word' id='word_1_102' title='bbox 636 1279 767 1319; x_wconf 83' lang='lat' dir='ltr'><strong>mos,</strong></span> <span class='ocrx_word' id='word_1_103' title='bbox 806 1261 993 1309; x_wconf 78' lang='lat' dir='ltr'><strong>traditus</strong></span> <span class='ocrx_word' id='word_1_104' title='bbox 1023 1260 1077 1306; x_wconf 86' lang='lat' dir='ltr'><strong>ab</strong></span> <span class='ocrx_word' id='word_1_105' title='bbox 1109 1261 1307 1325; x_wconf 80' lang='lat' dir='ltr'><strong>antiquis</strong></span> <span class='ocrx_word' id='word_1_106' title='bbox 1326 1297 1342 1319; x_wconf 90' lang='lat'><strong>,</strong></span> 
     </span>
     <span class='ocr_line' id='line_1_16' title="bbox 55 1332 1345 1396; baseline 0.002 -18"><span class='ocrx_word' id='word_1_107' title='bbox 55 1333 192 1396; x_wconf 81' lang='lat' dir='ltr'><strong>usque</strong></span> <span class='ocrx_word' id='word_1_108' title='bbox 211 1335 265 1380; x_wconf 88' lang='lat' dir='ltr'><strong>ad</strong></span> <span class='ocrx_word' id='word_1_109' title='bbox 282 1335 478 1382; x_wconf 87' lang='lat' dir='ltr'><strong>nostram</strong></span> <span class='ocrx_word' id='word_1_110' title='bbox 503 1348 677 1381; x_wconf 83' lang='lat' dir='ltr'><strong>aetatem</strong></span> <span class='ocrx_word' id='word_1_111' title='bbox 698 1336 817 1381; x_wconf 89' lang='lat' dir='ltr'><strong>inter</strong></span> <span class='ocrx_word' id='word_1_112' title='bbox 835 1348 980 1381; x_wconf 89' lang='lat' dir='ltr'><strong>cetera</strong></span> <span class='ocrx_word' id='word_1_113' title='bbox 1001 1332 1233 1380; x_wconf 84' lang='lat' dir='ltr'><strong>sollemnia</strong></span> <span class='ocrx_word' id='word_1_114' title='bbox 1252 1352 1345 1381; x_wconf 88' lang='lat' dir='ltr'><strong>ma-</strong></span> 
     </span>
     <span class='ocr_line' id='line_1_17' title="bbox 60 1406 1345 1469; baseline 0.001 -17"><span class='ocrx_word' id='word_1_115' title='bbox 60 1420 138 1454; x_wconf 89' lang='lat' dir='ltr'><strong>net</strong></span> <span class='ocrx_word' id='word_1_116' title='bbox 167 1408 301 1455; x_wconf 87' lang='lat' dir='ltr'><strong>bonis</strong></span> <span class='ocrx_word' id='word_1_117' title='bbox 328 1409 576 1456; x_wconf 81' lang='lat' dir='ltr'><strong>vendendis</strong></span> <span class='ocrx_word' id='word_1_118' title='bbox 595 1444 609 1466; x_wconf 91' lang='lat'><strong>,</strong></span> <span class='ocrx_word' id='word_1_119' title='bbox 636 1408 758 1454; x_wconf 87' lang='lat' dir='ltr'><strong>bona</strong></span> <span class='ocrx_word' id='word_1_120' title='bbox 776 1406 981 1453; x_wconf 73' lang='lat' dir='ltr'><strong>Porsenae</strong></span> <span class='ocrx_word' id='word_1_121' title='bbox 1012 1406 1125 1469; x_wconf 81' lang='lat' dir='ltr'><strong>regis</strong></span> <span class='ocrx_word' id='word_1_122' title='bbox 1143 1407 1345 1453; x_wconf 84' lang='lat' dir='ltr'><strong>venden-</strong></span> 
     </span>
     <span class='ocr_line' id='line_1_18' title="bbox 60 1477 1348 1546; baseline 0 -20"><span class='ocrx_word' id='word_1_123' title='bbox 60 1480 120 1527; x_wconf 89' lang='lat' dir='ltr'><strong>di.</strong></span> <span class='ocrx_word' id='word_1_124' title='bbox 161 1479 303 1542; x_wconf 85' lang='lat' dir='ltr'><strong>Cujus</strong></span> <span class='ocrx_word' id='word_1_125' title='bbox 336 1482 562 1546; x_wconf 87' lang='lat' dir='ltr'><strong>originem</strong></span> <span class='ocrx_word' id='word_1_126' title='bbox 592 1481 763 1540; x_wconf 85' lang='lat' dir='ltr'><strong>moris,</strong></span> <span class='ocrx_word' id='word_1_127' title='bbox 800 1477 967 1526; x_wconf 88' lang='lat' dir='ltr'><strong>necesse</strong></span> <span class='ocrx_word' id='word_1_128' title='bbox 997 1477 1088 1538; x_wconf 87' lang='lat' dir='ltr'><strong>est,</strong></span> <span class='ocrx_word' id='word_1_129' title='bbox 1122 1490 1198 1525; x_wconf 85' lang='lat' dir='ltr'><strong>aut</strong></span> <span class='ocrx_word' id='word_1_130' title='bbox 1229 1479 1348 1526; x_wconf 88' lang='lat' dir='ltr'><strong>inter</strong></span> 
     </span>
     <span class='ocr_line' id='line_1_19' title="bbox 62 1551 1352 1617; baseline 0 -17"><span class='ocrx_word' id='word_1_131' title='bbox 62 1554 232 1605; x_wconf 87' lang='lat' dir='ltr'><strong>bellum</strong></span> <span class='ocrx_word' id='word_1_132' title='bbox 255 1567 405 1601; x_wconf 82' lang='lat' dir='ltr'><strong>natam</strong></span> <span class='ocrx_word' id='word_1_133' title='bbox 439 1554 552 1612; x_wconf 83' lang='lat' dir='ltr'><strong>effe,</strong></span> <span class='ocrx_word' id='word_1_134' title='bbox 588 1571 735 1617; x_wconf 83' lang='lat' dir='ltr'><strong>neque</strong></span> <span class='ocrx_word' id='word_1_135' title='bbox 757 1552 959 1600; x_wconf 84' lang='lat' dir='ltr'><strong>omiffam</strong></span> <span class='ocrx_word' id='word_1_136' title='bbox 992 1551 1040 1598; x_wconf 87' lang='lat' dir='ltr'><strong>in</strong></span> <span class='ocrx_word' id='word_1_137' title='bbox 1068 1569 1203 1614; x_wconf 78' lang='lat' dir='ltr'><strong>pace3</strong></span> <span class='ocrx_word' id='word_1_138' title='bbox 1229 1564 1306 1599; x_wconf 86' lang='lat' dir='ltr'><strong>aut</strong></span> <span class='ocrx_word' id='word_1_139' title='bbox 1325 1570 1352 1600; x_wconf 85' lang='lat' dir='ltr'><strong>a</strong></span> 
     </span>
    </p>
   </div>
   <div class='ocr_carea' id='block_1_5' title="bbox 64 1625 1355 1747">
    <p class='ocr_par' dir='ltr' id='par_1_5' title="bbox 64 1625 1355 1747">
     <span class='ocr_line' id='line_1_20' title="bbox 64 1625 1354 1691; baseline -0.001 -18"><span class='ocrx_word' id='word_1_140' title='bbox 64 1625 248 1673; x_wconf 85' lang='lat' dir='ltr'><strong>mitiore</strong></span> <span class='ocrx_word' id='word_1_141' title='bbox 278 1628 462 1675; x_wconf 83' lang='lat' dir='ltr'><strong>creviffe</strong></span> <span class='ocrx_word' id='word_1_142' title='bbox 496 1627 753 1691; x_wconf 85' lang='lat' dir='ltr'><strong>principio,</strong></span> <span class='ocrx_word' id='word_1_143' title='bbox 785 1645 916 1691; x_wconf 87' lang='lat' dir='ltr'><strong>quam</strong></span> <span class='ocrx_word' id='word_1_144' title='bbox 942 1626 1015 1674; x_wconf 83' lang='lat' dir='ltr'><strong>hic</strong></span> <span class='ocrx_word' id='word_1_145' title='bbox 1046 1643 1137 1689; x_wconf 81' lang='lat' dir='ltr'><strong>prae</strong></span> <span class='ocrx_word' id='word_1_146' title='bbox 1168 1625 1210 1673; x_wconf 90' lang='lat' dir='ltr'><strong>se</strong></span> <span class='ocrx_word' id='word_1_147' title='bbox 1240 1626 1354 1673; x_wconf 88' lang='lat' dir='ltr'><strong>ferat</strong></span> 
     </span>
     <span class='ocr_line' id='line_1_21' title="bbox 67 1697 1355 1747; baseline 0 -3"><span class='ocrx_word' id='word_1_148' title='bbox 67 1697 220 1745; x_wconf 86' lang='lat' dir='ltr'><strong>titulus</strong></span> <span class='ocrx_word' id='word_1_149' title='bbox 251 1700 370 1746; x_wconf 88' lang='lat' dir='ltr'><strong>bona</strong></span> <span class='ocrx_word' id='word_1_150' title='bbox 402 1699 622 1747; x_wconf 78' lang='lat' dir='ltr'><strong>hostiliter</strong></span> <span class='ocrx_word' id='word_1_151' title='bbox 654 1697 894 1745; x_wconf 86' lang='lat' dir='ltr'><strong>vendendi.</strong></span> <span class='ocrx_word' id='word_1_152' title='bbox 941 1698 1207 1744; x_wconf 83' lang='lat' dir='ltr'><strong>Proximum</strong></span> <span class='ocrx_word' id='word_1_153' title='bbox 1237 1714 1355 1746; x_wconf 88' lang='lat' dir='ltr'><strong>vero</strong></span> 
     </span>
    </p>
   </div>
   <div class='ocr_carea' id='block_1_6' title="bbox 69 1769 1377 2568">
    <p class='ocr_par' dir='ltr' id='par_1_6' title="bbox 69 1769 1377 2568">
     <span class='ocr_line' id='line_1_22' title="bbox 69 1769 1358 1836; baseline -0.001 -19"><span class='ocrx_word' id='word_1_154' title='bbox 69 1770 132 1817; x_wconf 90' lang='lat' dir='ltr'><strong>est</strong></span> <span class='ocrx_word' id='word_1_155' title='bbox 160 1788 216 1817; x_wconf 75' lang='lat' dir='ltr'><strong>ex</strong></span> <span class='ocrx_word' id='word_1_156' title='bbox 248 1772 300 1818; x_wconf 90' lang='lat' dir='ltr'><strong>iis</strong></span> <span class='ocrx_word' id='word_1_157' title='bbox 322 1808 336 1830; x_wconf 88' lang='lat'><strong>,</strong></span> <span class='ocrx_word' id='word_1_158' title='bbox 372 1789 474 1836; x_wconf 79' lang='lat' dir='ltr'><strong>quae</strong></span> <span class='ocrx_word' id='word_1_159' title='bbox 511 1772 781 1830; x_wconf 80' lang='lat' dir='ltr'><strong>traduntur,</strong></span> <span class='ocrx_word' id='word_1_160' title='bbox 814 1769 1054 1817; x_wconf 84' lang='lat' dir='ltr'><strong>Porsenam</strong></span> <span class='ocrx_word' id='word_1_161' title='bbox 1076 1806 1089 1829; x_wconf 89' lang='lat'><strong>,</strong></span> <span class='ocrx_word' id='word_1_162' title='bbox 1123 1769 1358 1816; x_wconf 88' lang='lat' dir='ltr'><strong>disceden-</strong></span> 
     </span>
     <span class='ocr_line' id='line_1_23' title="bbox 71 1845 1358 1907; baseline -0.001 -16"><span class='ocrx_word' id='word_1_163' title='bbox 71 1857 162 1891; x_wconf 86' lang='lat' dir='ltr'><strong>tem</strong></span> <span class='ocrx_word' id='word_1_164' title='bbox 181 1846 236 1892; x_wconf 87' lang='lat' dir='ltr'><strong>ab</strong></span> <span class='ocrx_word' id='word_1_165' title='bbox 252 1847 458 1893; x_wconf 83' lang='lat' dir='ltr'><strong>Janiculo</strong></span> <span class='ocrx_word' id='word_1_166' title='bbox 474 1883 487 1904; x_wconf 86' lang='lat'><strong>,</strong></span> <span class='ocrx_word' id='word_1_167' title='bbox 504 1848 643 1893; x_wconf 87' lang='lat' dir='ltr'><strong>castra</strong></span> <span class='ocrx_word' id='word_1_168' title='bbox 663 1846 878 1907; x_wconf 87' lang='lat' dir='ltr'><strong>opulenta</strong></span> <span class='ocrx_word' id='word_1_169' title='bbox 895 1881 908 1901; x_wconf 88' lang='lat'>‚</span> <span class='ocrx_word' id='word_1_170' title='bbox 924 1845 1152 1891; x_wconf 71' lang='lat' dir='ltr'><strong>conve&amp;o</strong></span> <span class='ocrx_word' id='word_1_171' title='bbox 1173 1860 1230 1890; x_wconf 86' lang='lat' dir='ltr'><strong>ex</strong></span> <span class='ocrx_word' id='word_1_172' title='bbox 1250 1860 1358 1907; x_wconf 91' lang='lat' dir='ltr'><strong>pro-</strong></span> 
     </span>
     <span class='ocr_line' id='line_1_24' title="bbox 74 1915 1364 1982; baseline -0.002 -19"><span class='ocrx_word' id='word_1_173' title='bbox 74 1918 256 1982; x_wconf 84' lang='lat' dir='ltr'><strong>pinquis</strong></span> <span class='ocrx_word' id='word_1_174' title='bbox 283 1936 334 1965; x_wconf 86' lang='lat' dir='ltr'><strong>ac</strong></span> <span class='ocrx_word' id='word_1_175' title='bbox 366 1918 585 1965; x_wconf 78' lang='lat' dir='ltr'><strong>fertilibus</strong></span> <span class='ocrx_word' id='word_1_176' title='bbox 603 1916 792 1963; x_wconf 86' lang='lat' dir='ltr'><strong>Etruriae</strong></span> <span class='ocrx_word' id='word_1_177' title='bbox 817 1916 937 1962; x_wconf 82' lang='lat' dir='ltr'><strong>arvis</strong></span> <span class='ocrx_word' id='word_1_178' title='bbox 960 1928 1214 1962; x_wconf 77' lang='lat' dir='ltr'><strong>commeatu</strong></span> <span class='ocrx_word' id='word_1_179' title='bbox 1230 1951 1244 1974; x_wconf 91' lang='lat'><strong>,</strong></span> <span class='ocrx_word' id='word_1_180' title='bbox 1264 1915 1364 1960; x_wconf 83' lang='lat' dir='ltr'><strong>Ro-</strong></span> 
     </span>
     <span class='ocr_line' id='line_1_25' title="bbox 77 1991 1364 2054; baseline -0.004 -14"><span class='ocrx_word' id='word_1_181' title='bbox 77 1994 219 2041; x_wconf 87' lang='lat' dir='ltr'><strong>manis</strong></span> <span class='ocrx_word' id='word_1_182' title='bbox 251 1995 378 2041; x_wconf 88' lang='lat' dir='ltr'><strong>dono</strong></span> <span class='ocrx_word' id='word_1_183' title='bbox 400 1994 588 2051; x_wconf 75' lang='lat' dir='ltr'><strong>dedisse,</strong></span> <span class='ocrx_word' id='word_1_184' title='bbox 615 1992 744 2054; x_wconf 85' lang='lat' dir='ltr'><strong>inopi</strong></span> <span class='ocrx_word' id='word_1_185' title='bbox 773 2003 870 2038; x_wconf 89' lang='lat' dir='ltr'><strong>tum</strong></span> <span class='ocrx_word' id='word_1_186' title='bbox 902 1991 1014 2037; x_wconf 90' lang='lat' dir='ltr'><strong>urbe</strong></span> <span class='ocrx_word' id='word_1_187' title='bbox 1035 1992 1090 2037; x_wconf 87' lang='lat' dir='ltr'><strong>ab</strong></span> <span class='ocrx_word' id='word_1_188' title='bbox 1110 1991 1364 2054; x_wconf 84' lang='lat' dir='ltr'><strong>longinqua</strong></span> 
     </span>
     <span class='ocr_line' id='line_1_26' title="bbox 81 2064 1364 2129; baseline -0.004 -14"><span class='ocrx_word' id='word_1_189' title='bbox 81 2068 332 2115; x_wconf 85' lang='lat' dir='ltr'><strong>obfidione.</strong></span> <span class='ocrx_word' id='word_1_190' title='bbox 368 2085 419 2114; x_wconf 87' lang='lat' dir='ltr'><strong>ea</strong></span> <span class='ocrx_word' id='word_1_191' title='bbox 448 2068 637 2124; x_wconf 86' lang='lat' dir='ltr'><strong>deinde,</strong></span> <span class='ocrx_word' id='word_1_192' title='bbox 676 2083 731 2112; x_wconf 90' lang='lat' dir='ltr'><strong>ne</strong></span> <span class='ocrx_word' id='word_1_193' title='bbox 758 2066 936 2129; x_wconf 90' lang='lat' dir='ltr'><strong>populo</strong></span> <span class='ocrx_word' id='word_1_194' title='bbox 971 2064 1164 2111; x_wconf 76' lang='lat' dir='ltr'><strong>immisso</strong></span> <span class='ocrx_word' id='word_1_195' title='bbox 1197 2065 1364 2128; x_wconf 83' lang='lat' dir='ltr'><strong>diripe-</strong></span> 
     </span>
     <span class='ocr_line' id='line_1_27' title="bbox 84 2135 1366 2201; baseline -0.005 -13"><span class='ocrx_word' id='word_1_196' title='bbox 84 2156 238 2188; x_wconf 85' lang='lat' dir='ltr'><strong>rentur</strong></span> <span class='ocrx_word' id='word_1_197' title='bbox 263 2141 485 2188; x_wconf 86' lang='lat' dir='ltr'><strong>hostiliter</strong></span> <span class='ocrx_word' id='word_1_198' title='bbox 499 2177 513 2198; x_wconf 91' lang='lat'><strong>,</strong></span> <span class='ocrx_word' id='word_1_199' title='bbox 534 2139 731 2197; x_wconf 75' lang='lat' dir='ltr'><strong>venisse,</strong></span> <span class='ocrx_word' id='word_1_200' title='bbox 750 2138 960 2201; x_wconf 87' lang='lat' dir='ltr'><strong>bonaque</strong></span> <span class='ocrx_word' id='word_1_201' title='bbox 989 2136 1195 2184; x_wconf 84' lang='lat' dir='ltr'><strong>Porsenae</strong></span> <span class='ocrx_word' id='word_1_202' title='bbox 1213 2135 1366 2199; x_wconf 86' lang='lat' dir='ltr'><strong>appel·—</strong></span> 
     </span>
     <span class='ocr_line' id='line_1_28' title="bbox 84 2210 1370 2280; baseline -0.005 -17"><span class='ocrx_word' id='word_1_203' title='bbox 84 2217 171 2263; x_wconf 85' lang='lat' dir='ltr'><strong>lata</strong></span> <span class='ocrx_word' id='word_1_204' title='bbox 192 2253 207 2275; x_wconf 90' lang='lat'><strong>,</strong></span> <span class='ocrx_word' id='word_1_205' title='bbox 248 2215 434 2280; x_wconf 75' lang='lat' dir='ltr'><strong>gratiam</strong></span> <span class='ocrx_word' id='word_1_206' title='bbox 476 2214 675 2261; x_wconf 88' lang='lat' dir='ltr'><strong>muneris</strong></span> <span class='ocrx_word' id='word_1_207' title='bbox 715 2213 854 2277; x_wconf 83' lang='lat' dir='ltr'><strong>magis</strong></span> <span class='ocrx_word' id='word_1_208' title='bbox 890 2210 1163 2276; x_wconf 77' lang='lat' dir='ltr'><strong>significante</strong></span> <span class='ocrx_word' id='word_1_209' title='bbox 1199 2211 1370 2270; x_wconf 86' lang='lat' dir='ltr'><strong>titulo,</strong></span> 
     </span>
     <span class='ocr_line' id='line_1_29' title="bbox 86 2285 1369 2352; baseline -0.005 -17"><span class='ocrx_word' id='word_1_210' title='bbox 86 2307 221 2352; x_wconf 86' lang='lat' dir='ltr'><strong>quam</strong></span> <span class='ocrx_word' id='word_1_211' title='bbox 250 2289 500 2335; x_wconf 71' lang='lat' dir='ltr'><strong>auffionem</strong></span> <span class='ocrx_word' id='word_1_212' title='bbox 531 2286 730 2333; x_wconf 85' lang='lat' dir='ltr'><strong>fortunae</strong></span> <span class='ocrx_word' id='word_1_213' title='bbox 756 2285 919 2349; x_wconf 83' lang='lat' dir='ltr'><strong>regiae,</strong></span> <span class='ocrx_word' id='word_1_214' title='bbox 952 2302 1052 2349; x_wconf 81' lang='lat' dir='ltr'><strong>quae</strong></span> <span class='ocrx_word' id='word_1_215' title='bbox 1079 2301 1134 2331; x_wconf 91' lang='lat' dir='ltr'><strong>ne</strong></span> <span class='ocrx_word' id='word_1_216' title='bbox 1158 2285 1204 2331; x_wconf 88' lang='lat' dir='ltr'><strong>in</strong></span> <span class='ocrx_word' id='word_1_217' title='bbox 1234 2296 1369 2346; x_wconf 85' lang='lat' dir='ltr'><strong>pote-</strong></span> 
     </span>
     <span class='ocr_line' id='line_1_30' title="bbox 90 2357 1372 2426; baseline -0.005 -17"><span class='ocrx_word' id='word_1_218' title='bbox 90 2363 241 2410; x_wconf 85' lang='lat' dir='ltr'><strong>statem</strong></span> <span class='ocrx_word' id='word_1_219' title='bbox 261 2361 443 2426; x_wconf 86' lang='lat' dir='ltr'><strong>quidem</strong></span> <span class='ocrx_word' id='word_1_220' title='bbox 463 2360 625 2423; x_wconf 84' lang='lat' dir='ltr'><strong>populi</strong></span> <span class='ocrx_word' id='word_1_221' title='bbox 640 2359 837 2406; x_wconf 82' lang='lat' dir='ltr'><strong>Romani</strong></span> <span class='ocrx_word' id='word_1_222' title='bbox 858 2357 1183 2417; x_wconf 46' lang='lat' dir='ltr'><strong>effet.1,Omiss‘o</strong></span> <span class='ocrx_word' id='word_1_223' title='bbox 1204 2358 1372 2403; x_wconf 86' lang='lat' dir='ltr'><strong>Roma-</strong></span> 
     </span>
     <span class='ocr_line' id='line_1_31' title="bbox 92 2430 1376 2493; baseline -0.004 -11"><span class='ocrx_word' id='word_1_224' title='bbox 92 2451 156 2482; x_wconf 88' lang='lat' dir='ltr'><strong>no</strong></span> <span class='ocrx_word' id='word_1_225' title='bbox 180 2434 302 2481; x_wconf 91' lang='lat' dir='ltr'><strong>bello</strong></span> <span class='ocrx_word' id='word_1_226' title='bbox 318 2470 332 2493; x_wconf 92' lang='lat'>‚</span> <span class='ocrx_word' id='word_1_227' title='bbox 358 2433 582 2490; x_wconf 86' lang='lat' dir='ltr'><strong>Porsena,</strong></span> <span class='ocrx_word' id='word_1_228' title='bbox 610 2448 666 2478; x_wconf 91' lang='lat' dir='ltr'><strong>ne</strong></span> <span class='ocrx_word' id='word_1_229' title='bbox 687 2430 844 2478; x_wconf 87' lang='lat' dir='ltr'><strong>frustra</strong></span> <span class='ocrx_word' id='word_1_230' title='bbox 873 2431 921 2477; x_wconf 86' lang='lat' dir='ltr'><strong>in</strong></span> <span class='ocrx_word' id='word_1_231' title='bbox 948 2448 1000 2478; x_wconf 90' lang='lat' dir='ltr'><strong>ea</strong></span> <span class='ocrx_word' id='word_1_232' title='bbox 1021 2431 1123 2477; x_wconf 84' lang='lat' dir='ltr'><strong>loca</strong></span> <span class='ocrx_word' id='word_1_233' title='bbox 1150 2430 1376 2477; x_wconf 81' lang='lat' dir='ltr'><strong>exercitus</strong></span> 
     </span>
     <span class='ocr_line' id='line_1_32' title="bbox 93 2501 1377 2568; baseline -0.005 -13"><span class='ocrx_word' id='word_1_234' title='bbox 93 2507 304 2555; x_wconf 58' lang='lat' dir='ltr'><strong>adduitus</strong></span> <span class='ocrx_word' id='word_1_235' title='bbox 342 2505 610 2565; x_wconf 86' lang='lat' dir='ltr'><strong>videretur,</strong></span> <span class='ocrx_word' id='word_1_236' title='bbox 653 2521 756 2552; x_wconf 82' lang='lat' dir='ltr'><strong>cum</strong></span> <span class='ocrx_word' id='word_1_237' title='bbox 793 2514 918 2568; x_wconf 81' lang='lat' dir='ltr'><strong>parte</strong></span> <span class='ocrx_word' id='word_1_238' title='bbox 954 2503 1192 2565; x_wconf 85' lang='lat' dir='ltr'><strong>copiarum</strong></span> <span class='ocrx_word' id='word_1_239' title='bbox 1233 2501 1377 2548; x_wconf 84' lang='lat' dir='ltr'><strong>filium</strong></span> 
     </span>
    </p>
   </div>
  </div>
 </body>
</html>
