1582 2793
162 228 248 276 182
541 231 1096 280 TITILIVII

154 337 334 400 quoties
362 354 440 400 per
463 354 643 386 omnem
676 338 869 387 hostium
898 357 1049 404 agrurn
1085 339 1245 387 infesto
1265 339 1439 404 agmine

155 410 501 473 populabundus
534 412 659 472 isset,
692 430 793 461 cum
828 416 1000 479 ingenti
1039 415 1168 461 laude
1202 415 1440 479 praedaque

155 485 351 531 Romam
388 486 533 533 rediit.

221 560 296 603 lv.
329 558 549 604 Consules
581 559 685 604 inde
713 560 764 606 A.
784 558 1036 606 Postumius
1058 559 1224 619 Albus,
1255 561 1328 623 Sp.
1350 562 1458 606 Fu-.

155 631 248 677 rius
274 629 422 677 Fusus.
453 630 610 677 Furios
646 630 795 676 Fusios
824 629 1032 693 scripsere
1062 632 1255 694 quidam.
1291 632 1335 678 id
1359 631 1440 678 ad-

155 719 326 749 moneo
347 740 361 760 ,
393 720 448 749 ne
476 703 577 765 quis
611 702 971 750 immutationem
1001 703 1207 750 virorum
1239 703 1440 766 ipsorum

156 773 268 831 effe,
292 791 390 836 quae
416 774 652 820 nominum
673 774 733 819 est
748 810 762 832 ‚
782 787 923 836 putet.
959 775 1089 821 Haud
1113 776 1297 822 dubium
1320 787 1441 837 erat,

157 845 266 907 quin
288 863 385 891 cum
402 844 556 907 AEquis
576 844 686 890 alter
706 845 941 891 consulum
963 846 1128 892 bellum
1152 858 1336 910 gereret.
1360 850 1443 893 lta-

154 934 245 979 que
267 918 398 978 AEqui
432 917 487 963 ab
514 917 742 963 Ecetranis
763 917 940 963 Volscis
971 917 1223 979 praesidium
1259 919 1442 981 petiere.

154 1008 251 1053 quo
287 991 447 1053 cupide
481 991 637 1037 oblato
659 1027 671 1048 ‚
704 989 845 1054 (adeo
878 990 1084 1037 civitates
1115 991 1182 1037 hae
1219 1004 1442 1054 perpetuo

157 1062 203 1109 in
224 1064 457 1110 Romanos
480 1063 590 1110 odio
620 1061 881 1126 certavere)
916 1063 1083 1109 bellum
1104 1062 1272 1111 summa
1294 1064 1343 1110 vi
1364 1082 1442 1126 pa-

153 1140 348 1185 rabatur.
376 1139 582 1185 Sentiunt
604 1138 815 1194 Hernici,
843 1139 893 1185 &
919 1137 1169 1201 praedicunt
1194 1139 1443 1196 Romanis,

155 1213 424 1258 Ecetranum
455 1211 510 1256 ad
545 1212 717 1273 AEquos
758 1209 947 1257 descisse.
997 1209 1189 1271 suspeEla
1230 1211 1279 1257 &
1313 1209 1444 1256 colo-

154 1283 233 1329 nia
251 1283 433 1330 Antium
460 1282 578 1340 fuit,
611 1283 739 1346 quod
764 1299 920 1346 magna
945 1282 1014 1330 vis
1042 1282 1279 1328 hominum
1310 1283 1444 1341 inde,

153 1375 259 1404 cum
287 1357 504 1418 oppidum
527 1370 708 1418 captum
734 1356 860 1415 effet,
889 1354 1154 1418 confugisset
1174 1354 1228 1401 ad
1253 1356 1443 1419 AEquos.

155 1432 280 1494 isque
298 1432 425 1478 miles
445 1449 523 1494 per
539 1432 704 1479 bellum
719 1432 959 1495 AEquicum
980 1431 1057 1478 vel
1080 1431 1322 1478 acerrimus
1342 1430 1441 1478 fuit.

155 1505 418 1567 Compulsis
452 1505 611 1552 deinde
643 1505 689 1553 in
714 1506 881 1569 oppida
901 1497 1085 1569 AEquis',
1113 1521 1162 1551 ea
1193 1505 1441 1551 multitudo

155 1578 324 1640 dilapsa
359 1596 459 1624 cum
482 1580 666 1625 Antium
704 1578 906 1636 redisset,
938 1577 1008 1624 sua
1035 1577 1194 1640 sponte
1224 1577 1312 1640 jam
1342 1574 1444 1623 infi-

157 1654 243 1700 dos
278 1652 472 1699 colonos
490 1654 709 1701 Romanis
732 1653 1015 1700 abalienavit.
1055 1652 1258 1699 Necdum
1294 1664 1442 1699 matu-
1498 1710 1505 1717 Δ

158 1744 207 1773 ra
236 1742 313 1784 re,
351 1743 454 1771 cum
486 1725 780 1774 defeffionem
814 1726 958 1789 parari
993 1726 1186 1772 delatum
1223 1725 1278 1772 ad
1316 1725 1443 1772 sena-

157 1811 252 1844 tum
272 1798 399 1856 effer,
415 1800 565 1844 datum
586 1800 818 1862 negotium
839 1799 900 1845 est
921 1798 1200 1854 consulibuS‚
1221 1811 1271 1846 ut
1286 1834 1299 1856 ,
1318 1798 1443 1862 prin-

160 1872 334 1933 cipibus
367 1872 565 1918 coloniae
587 1874 779 1920 Romam
808 1873 967 1920 excitis
982 1910 994 1930 ‚
1016 1885 1290 1936 quaererent,
1313 1872 1444 1936 quid-

159 1962 261 1992 nam
293 1944 356 1991 rei
385 1945 505 1991 effet.
535 1946 614 2009 qui
645 1963 746 1992 cum
773 1947 889 1992 haud
914 1946 1086 2008 gravati
1105 1945 1353 2002 venissent,
1375 1944 1443 1990 in-

159 2018 352 2064 troduffi
380 2036 404 2064 a
425 2019 681 2065 consulibus
710 2022 765 2066 ad
797 2019 995 2066 senatum
1022 2019 1081 2065 ita
1111 2018 1440 2081 responderunt

162 2091 509 2154 adinterrogata
527 2129 540 2150 ‚
568 2105 616 2137 ut
637 2093 775 2155 magis
795 2092 975 2154 suspecli
995 2129 1008 2149 ‚
1036 2110 1167 2152 quam
1191 2104 1441 2150 venerant,

161 2163 502 2210 dimitterentur.
531 2165 705 2211 Bellum
726 2166 827 2211 inde
845 2166 960 2212 haud
982 2166 1162 2211 dubium
1184 2165 1347 2211 haberi.
1368 2167 1444 2228 Sp.

161 2235 321 2283 Furius
342 2271 355 2291 ‚
389 2236 622 2283 consulum
645 2238 784 2295 alter,
816 2238 886 2284 cui
921 2255 969 2284 ea
998 2238 1240 2300 provincia
1273 2255 1442 2284 evene-

162 2321 257 2364 rat,
278 2307 505 2370 profe-{lus
535 2310 579 2354 in
603 2312 803 2374 AEquos‚
833 2311 1135 2356 Hernicorum
1165 2311 1209 2356 in
1232 2328 1338 2373 agro
1360 2327 1444 2372 po-

162 2378 468 2442 pulabundum
498 2379 669 2426 hostem
699 2380 905 2436 invenit;
938 2380 1206 2443 ignarusque
1235 2380 1443 2427 multitu-

161 2450 295 2505 dinis,
315 2450 416 2513 quia
446 2449 657 2513 nusquam
684 2452 892 2498 universa
915 2453 1149 2514 conspeffla
1170 2453 1336 2509 fuerat,
1359 2453 1447 2498 im-

163 2539 317 2586 parem
351 2523 498 2587 copiis
528 2524 776 2572 exercitum
810 2538 974 2572 temere
1007 2543 1169 2589 pugnae
1209 2525 1447 2573 commisit.
