1582 2793
210 226 299 272 106
558 227 785 276 TIT-I
860 230 1138 276 LIVII

202 349 296 391 res,
328 334 379 381 &
416 334 472 381 ad
503 333 650 400 fugam
680 335 826 399 saeptis
847 337 1061 384 omnibus
1080 337 1182 386 viis.
1211 337 1400 403 finisque
1418 337 1499 387 ille

200 419 292 453 tam
314 406 450 454 effuse
476 409 703 472 evagandi
724 408 916 455 Etruscis
937 409 1036 457 fuit.

265 481 363 528 XII.
403 481 596 529 Obfidio
623 494 716 528 erat
743 481 1044 530 nihilominus
1074 484 1123 533 &
1155 483 1369 531 frumenti
1391 500 1498 532 cum

199 552 372 602 summa
393 555 573 602 caritate
607 554 794 617 inopia3
823 554 1112 620 sedendoque
1136 554 1497 622 expugnaturum

199 625 243 673 se
262 627 417 674 urbem
443 627 561 691 spem
588 626 780 675 Porsena
809 627 1003 675 habebat
1024 647 1043 691 :r
1073 647 1175 677 cum
1205 633 1258 678 C.
1282 631 1461 678 Mucius
1480 666 1498 690 ‚

197 698 456 747 adolescens
488 699 686 759 nobilis,
721 699 796 747 cui
826 699 1065 764 indignum
1098 701 1369 761 videbatur,
1406 719 1497 765 po-

197 772 353 835 pulum
374 774 637 821 Romanum
664 773 932 822 servientem
950 810 963 832 ‚
993 792 1094 822 curn
1126 775 1402 840 subregibus
1429 775 1499 824 es-

196 845 260 894 set
278 886 291 907 ‚
320 849 448 895 nullo
481 849 603 896 bello
632 866 717 897 nec
747 849 802 897 ab
831 848 1036 896 hostibus
1066 850 1170 897 ullis
1191 850 1410 898 obseffum
1432 850 1498 897 es·-

177 918 273 976 'se3
304 921 498 969 liberum
532 923 726 970 eundem
761 922 986 987 populum
1023 923 1079 970 ab
1113 923 1267 971 iisdem
1299 923 1501 972 Etruscis

197 994 425 1054 obsideri,
457 1012 655 1058 quorum
683 996 796 1059 saepe
831 996 1058 1044 exercitus
1089 996 1287 1045 fuderit:
1320 998 1499 1062 itaque,

198 1084 366 1131 magno
399 1069 647 1132 audacique
685 1069 840 1132 aliquo
874 1070 1079 1119 facinore
1117 1089 1214 1120 eam
1249 1073 1498 1139 indignita-

195 1152 289 1188 tem
318 1142 639 1189 vindicandam
677 1154 798 1189 ratus
820 1178 834 1201 ,
869 1143 1019 1205 primo
1056 1144 1132 1192 sua
1163 1145 1322 1209 sponte
1358 1161 1500 1208 pene-

195 1224 315 1262 trare
335 1215 380 1262 in
396 1216 592 1263 hostium
612 1216 751 1264 castra
771 1217 1017 1266 constituit.
1042 1219 1144 1267 dein
1167 1233 1371 1268 metuens
1384 1258 1397 1278 ‚
1414 1238 1501 1280 ne,

196 1287 229 1334 si
259 1287 498 1335 consulum
523 1288 687 1351 injuffu
712 1292 762 1337 &
783 1290 949 1355 ignaris
975 1293 1193 1340 omnibus
1226 1294 1311 1341 iret
1327 1330 1341 1352 ,
1374 1293 1499 1342 forte

196 1360 496 1423 deprehensus
521 1380 547 1409 a
575 1362 836 1411 custodibus
855 1365 1078 1413 Romanis
1111 1367 1417 1415 retraheretur
1447 1383 1499 1415 ut

195 1434 428 1500 transfuga
450 1473 464 1495 ,
498 1436 684 1486 fortuna
719 1451 817 1486 tum
850 1440 975 1488 urbis
1008 1442 1179 1489 crimen
1216 1442 1499 1502 affirmante,

196 1506 397 1557 senatum
429 1510 565 1560 adiit:
600 1515 791 1579 Transire
809 1517 1015 1574 Tiberim,
1043 1515 1220 1580 inquit,
1242 1519 1417 1574 Patres,
1453 1515 1498 1563 ἃ

195 1586 349 1631 intrare
367 1621 384 1643 ,
399 1586 451 1650 st
472 1587 622 1650 poffim
639 1623 654 1646 ,
693 1590 823 1656 castra
851 1591 1027 1657 hostium
1051 1594 1147 1636 volo
1165 1609 1186 1646 ;
1210 1609 1298 1636 non
1320 1593 1498 1651 proed03

195 1675 269 1702 nec
295 1661 623 1718 populationum
657 1664 835 1707 invicem
865 1667 990 1708 ultor.
1038 1664 1206 1721 majus,
1226 1663 1278 1728 st
1306 1665 1397 1709 Dii
1413 1663 1498 1721 ju·-

196 1748 330 1788 vant,
363 1735 410 1778 itz
440 1736 585 1780 animo
614 1734 879 1801 estfacimcsl
906 1737 1180 1798 Approbant
1209 1738 1385 1783 Patres:
1420 1737 1498 1783 ab-

194 1800 294 1850 dito
321 1803 437 1851 intra
470 1804 638 1851 vestem
673 1805 824 1864 ferro,
856 1806 1170 1869 proficiscitur.
1205 1808 1298 1855 Ubi
1323 1824 1379 1855 eo
1408 1825 1496 1855 ve-

194 1876 294 1935 nit,
323 1875 370 1923 in
399 1877 721 1925 confertiffima
753 1879 884 1926 turba
917 1897 1064 1944 prope
1098 1881 1271 1945 regium
1298 1881 1497 1929 tribunal

194 1950 413 1998 constitit.
450 1953 515 1999 Ibi
546 1971 650 2001 cum
683 1954 957 2018 stipendium
980 1956 1099 2004 forte
1124 1957 1346 2004 militibus
1369 1958 1499 2005 dare-

194 2035 300 2083 tur,
328 2027 378 2074 &
405 2024 575 2086 scriba,
613 2046 715 2076 cum
742 2047 847 2093 rege
869 2030 1024 2078 sedens
1055 2032 1148 2095 pari
1181 2031 1273 2079 fere
1302 2044 1497 2091 ornatu,

193 2097 336 2144 multa
366 2112 548 2163 ageret,
584 2118 684 2148 eum
716 2102 880 2150 milites
912 2103 1057 2168 vulgo
1093 2104 1301 2161 adirent;
1330 2104 1496 2152 timens

194 2169 438 2231 sciscitari,
470 2185 568 2221 uter
589 2175 787 2223 Porsena
817 2177 948 2236 effer,
983 2195 1040 2225 ne
1059 2178 1314 2242 ignorando
1344 2195 1496 2242 regem

193 2242 331 2290 semet
358 2245 450 2308 ipse
478 2247 702 2310 aperiret,
737 2249 836 2312 quis
865 2250 999 2307 esset,
1033 2266 1127 2313 quo
1154 2262 1323 2296 temere
1358 2250 1496 2296 traxit

194 2315 380 2365 fortuna
406 2319 608 2377 facinus,
639 2322 831 2369 scribam
864 2338 949 2385 pro
982 2339 1084 2386 rege
1115 2322 1371 2370 obtruncat.
1403 2325 1496 2370 Va-

192 2391 371 2439 dentem
394 2393 522 2453 inde,
543 2412 630 2458 qua
649 2413 729 2458 per
747 2397 967 2458 trepidam
985 2398 1162 2444 turbam
1183 2410 1374 2446 cruento
1395 2416 1494 2445 rnu-

192 2479 334 2511 crone
351 2464 430 2512 fibi
453 2466 543 2529 ipse
568 2466 734 2515 fecerat
757 2469 881 2515 viam
896 2505 911 2528 ‚
931 2487 1033 2517 cum
1053 2507 1067 2529 ‚
1090 2472 1312 2519 concursu
1329 2472 1384 2518 ad
1402 2472 1493 2519 cla-

191 2552 368 2587 morem
410 2538 530 2589 fafto
551 2576 567 2603 ‚
605 2542 982 2605 comprehensum
1018 2545 1130 2610 regii
1171 2544 1378 2594 satellites
1415 2561 1489 2594 re·-
