1582 2793
179 145 273 195 με
425 120 432 127 ⁶
534 143 1100 194 T1T1L1V11

177 257 275 315 dit,
312 271 447 320 quam
476 253 509 301 fi
539 253 776 319 praesentes
797 254 1038 300 detre6lare
1068 249 1311 314 imperium
1331 248 1473 298 refer-

180 342 297 376 rent.
327 331 492 377 Jubent
511 328 648 376 acciri
665 345 822 375 omnes
838 364 851 386 ‚
873 327 1164 389 senatumque
1185 325 1231 371 in
1253 325 1370 371 diem
1392 343 1475 387 po-

180 402 344 449 sterum
372 401 584 458 edicunt3
610 400 687 464 qui
704 399 935 463 aliquanto
954 399 1028 461 spe
1050 399 1250 462 ipsorum
1271 396 1480 461 frequen-

182 478 276 523 tior
296 473 532 523 convenit.
566 490 660 538 quo
682 470 799 519 facto
826 471 1051 534 proditam
1072 487 1097 517 a
1119 469 1321 517 Patribus
1352 470 1480 533 plebs

182 550 436 597 libertatem
462 559 584 606 rata,
606 545 733 611 quod
752 544 805 591 iis
821 579 835 604 ‚
858 544 937 607 qui
958 543 1046 605 jam
1075 544 1335 607 magistratu
1361 544 1479 590 abis-

182 624 280 671 sent
295 659 308 683 ‚
341 620 649 687 privatisque,
671 618 702 666 si
724 617 794 667 vis
818 617 984 664 abesset
1001 652 1016 675 ‚
1034 628 1249 681 tanquam
1276 615 1376 677 jure
1397 633 1479 664 co·

184 697 422 763 gentibus,
446 696 619 741 {enatus
637 691 862 756 paruiffet.
897 707 932 749 >cg

271 770 494 817 XXX-¹X.
524 766 611 813 Sed
633 764 772 829 magis
801 763 1070 812 obedienter
1100 778 1288 812 ventum
1326 761 1374 810 in
1401 779 1481 810 cu-

182 843 297 891 riam
329 841 421 897 est
450 856 585 903 quam
620 838 825 885 obnoxie
861 828 998 885 dietas
1030 835 1270 884 sententias
1301 835 1483 899 accepi-

184 935 299 966 mus.
327 919 376 963 L.
388 914 619 962 Valerium
641 911 840 959 Potitum
870 910 1101 974 proditum
1131 908 1362 956 memoriae
1389 907 1482 968 est,

187 991 291 1056 post
310 988 576 1037 relationem
600 988 686 1050 Ap.
703 985 908 1041 Claudii,
924 983 1185 1049 priusquam
1208 983 1369 1030 ordine
1388 981 1484 1029 sen-

188 1064 343 1112 tentiae
377 1073 677 1126 rogarentur,
705 1058 979 1141 postulando
1013 1070 1063 1105 ut
1084 1058 1137 1105 de
1173 1056 1406 1121 republica
1428 1055 1485 1103 li-

192 1152 313 1186 ceret
342 1137 521 1194 dicere,
549 1133 896 1198 prohibentibus
917 1131 1155 1180 minaciter
1186 1130 1485 1190 decemviris,

190 1213 478 1277 proditurum
512 1208 554 1255 se
589 1208 646 1255 ad
679 1207 857 1271 plebem
894 1206 1234 1254 denuntiantem
1258 1243 1273 1264 ‚
1316 1206 1488 1253 tumul-

190 1298 286 1333 tum
322 1283 550 1332 exciviffe.
592 1283 690 1329 Nec
720 1281 867 1329 minus
904 1280 1118 1328 ferociter
1149 1282 1213 1326 M.
1245 1279 1488 1328 Horatium

191 1360 433 1407 Barbatum
465 1355 542 1404 iffe
572 1355 620 1404 in
651 1367 903 1414 certamen,
936 1358 1093 1402 Decem
1122 1357 1379 1417 Tarquinios
1407 1371 1489 1418 ap-

192 1435 431 1499 pellantem
446 1469 461 1489 ‚
478 1432 918 1495 admonentemque,
933 1433 1112 1476 Valeriis
1131 1427 1173 1476 G·
1191 1431 1389 1476 Horatiis
1408 1432 1490 1476 du-

193 1513 308 1555 cibus
329 1507 479 1570 pulsbs
513 1524 636 1568 reges.
676 1508 763 1551 Nec
789 1505 978 1566 nominis
1009 1505 1198 1550 homines
1228 1520 1315 1549 tum
1337 1518 1489 1564 pertre-

181 1583 281 1644 sum
303 1579 373 1645 effi}
388 1599 406 1636 ;
425 1583 573 1642 quippe
595 1596 674 1640 quo
693 1578 838 1624 Jovem
868 1579 1073 1638 appellari
1088 1575 1169 1636 sas
1171 1575 1236 1640 fic
1252 1611 1265 1634 ,
1290 1594 1372 1637 quo
1399 1577 1490 1621 Ro·

195 1658 356 1700 mulum
387 1655 639 1698 conditorem
675 1652 790 1696 urhis
809 1684 824 1707 ‚
860 1648 1124 1709 deincepsque
1157 1665 1262 1710 reges
1298 1651 1490 1708 appella-

195 1744 259 1772 tos
273 1762 290 1781 ,
323 1727 435 1786 quod
450 1724 588 1785 sacris
608 1726 731 1768 etiam
746 1757 760 1780 ,
785 1737 830 1768 ut
846 1721 1051 1782 sollemne
1066 1757 1081 1777 ,
1102 1737 1297 1766 retentum
1299 1718 1375 1783 stt.
1406 1723 1489 1764 Su-

190 1802 376 1862 perbiam
396 1799 716 1857 violentiamque
740 1812 826 1841 tum
837 1794 1006 1856 perosos
1025 1796 1143 1855 regis,
1178 1811 1264 1854 quae
1274 1792 1325 1855 st
1338 1795 1384 1837 in
1403 1809 1491 1854 rege

196 1891 282 1920 tum
303 1875 439 1918 eodem
457 1909 467 1927 ‚
486 1886 561 1927 aut
574 1873 619 1916 in
622 1872 723 1931 filio
740 1872 845 1932 regis
856 1867 1059 1927 ,ferenda
1073 1885 1159 1913 non
1167 1865 1356 1925 fuerint,
1372 1883 1491 1926 quem

197 1951 381 1992 laturum
408 1947 453 1991 in
473 1960 534 1991 tot
555 1945 776 2006 privatis?
805 1947 849 1987 V
847 1945 1003 1988 iderent
1017 1976 1031 1999 ‚
1050 1960 1101 1986 ne
1119 1975 1133 1997 ‚
1152 1940 1332 1986 vetando
1357 1941 1402 1983 in
1421 1956 1489 1984 cu-

197 2020 263 2063 ria
298 2019 415 2062 libere
451 2017 641 2062 homines
675 2017 822 2076 loqui,
857 2029 976 2060 extra
1008 2015 1168 2059 curiam
1200 2014 1324 2057 etiam
1352 2029 1492 2057 move-

200 2106 288 2136 rent
311 2108 462 2135 vocem.
497 2107 622 2150 neque
641 2089 691 2149 fi
710 2091 843 2135 videre
858 2123 872 2146 ‚
893 2087 1060 2151 quesibi
1076 2088 1218 2131 minus
1234 2087 1406 2145 privato
1432 2085 1493 2129 ad

199 2165 434 2208 concionem
457 2167 658 2223 populum
677 2182 843 2221 vocare,
861 2178 985 2223 quam
1005 2164 1094 2207 illis
1107 2160 1304 2220 senatum
1330 2176 1490 2220 cogere,

200 2239 334 2283 liccat.
374 2238 464 2280 Ubi
488 2239 639 2282 vellent
648 2272 663 2292 ,
695 2239 1003 2297 experirentur,
1030 2249 1184 2295 quanto
1201 2231 1392 2290 ferocior
1410 2232 1491 2276 do·

199 2313 264 2354 lor
297 2310 478 2353 libertate
493 2307 583 2368 fica
614 2310 904 2365 vindicanda,
938 2325 1064 2368 quam
1096 2307 1308 2366 cupiditas
1336 2303 1491 2371 injusta

199 2385 487 2428 dominatione
519 2380 619 2446 εβὲῐ.
662 2385 735 2427 De
761 2383 865 2428 lello
898 2384 1060 2427 Sabino
1091 2397 1158 2425 eos
1190 2377 1362 2437 refirre;
1388 2392 1490 2423 tan-

200 2473 325 2515 quam
356 2454 496 2511 majas
522 2458 653 2500 ullum
669 2457 829 2516 populo
850 2455 1047 2499 Romano
1079 2454 1228 2498 bellum
1241 2450 1334 2515 st,
1365 2469 1489 2512 quam
