<?xml version="1.0" encoding="UTF-8"?>
<!DOCTYPE html PUBLIC "-//W3C//DTD XHTML 1.0 Transitional//EN"
    "http://www.w3.org/TR/xhtml1/DTD/xhtml1-transitional.dtd">
<html xmlns="http://www.w3.org/1999/xhtml" xml:lang="en" lang="en">
 <head>
  <title>
</title>
<meta http-equiv="Content-Type" content="text/html;charset=utf-8" />
  <meta name='ocr-system' content='tesseract 3.04.00' />
  <meta name='ocr-capabilities' content='ocr_page ocr_carea ocr_par ocr_line ocrx_word'/>
</head>
<body>
  <div class='ocr_page' id='page_1' title='image "./historiarumlibri01livyuoft_0318.png"; bbox 0 0 1582 2793; ppageno 0'>
   <div class='ocr_carea' id='block_1_1' title="bbox 194 159 1107 225">
    <p class='ocr_par' dir='ltr' id='par_1_1' title="bbox 194 159 1107 225">
     <span class='ocr_line' id='line_1_1' title="bbox 194 159 1107 225; baseline 0.001 -18"><span class='ocrx_word' id='word_1_1' title='bbox 194 175 287 225; x_wconf 84' lang='lat'>154</span> <span class='ocrx_word' id='word_1_2' title='bbox 545 159 1107 208; x_wconf 77' lang='lat' dir='ltr'>T1T1L1vll</span> 
     </span>
    </p>
   </div>
   <div class='ocr_carea' id='block_1_2' title="bbox 162 266 1483 2242">
    <p class='ocr_par' dir='ltr' id='par_1_2' title="bbox 162 266 1483 2242">
     <span class='ocr_line' id='line_1_2' title="bbox 186 266 1482 333; baseline 0.004 -20"><span class='ocrx_word' id='word_1_3' title='bbox 186 279 295 331; x_wconf 90' lang='lat' dir='ltr'>petu</span> <span class='ocrx_word' id='word_1_4' title='bbox 328 266 489 323; x_wconf 82' lang='lat' dir='ltr'>iffent3</span> <span class='ocrx_word' id='word_1_5' title='bbox 519 267 678 331; x_wconf 82' lang='lat' dir='ltr'>globus</span> <span class='ocrx_word' id='word_1_6' title='bbox 700 267 921 329; x_wconf 88' lang='lat' dir='ltr'>juvenum</span> <span class='ocrx_word' id='word_1_7' title='bbox 954 285 1070 316; x_wconf 83' lang='lat' dir='ltr'>unus</span> <span class='ocrx_word' id='word_1_8' title='bbox 1106 268 1152 314; x_wconf 90' lang='lat' dir='ltr'>in</span> <span class='ocrx_word' id='word_1_9' title='bbox 1190 268 1333 333; x_wconf 87' lang='lat' dir='ltr'>ipsum</span> <span class='ocrx_word' id='word_1_10' title='bbox 1362 286 1482 318; x_wconf 85' lang='lat' dir='ltr'><strong>con-</strong></span> 
     </span>
     <span class='ocr_line' id='line_1_3' title="bbox 185 337 1483 402; baseline 0.002 -17"><span class='ocrx_word' id='word_1_11' title='bbox 185 338 324 385; x_wconf 77' lang='lat' dir='ltr'>sulem</span> <span class='ocrx_word' id='word_1_12' title='bbox 346 337 561 401; x_wconf 82' lang='lat' dir='ltr'>insignem</span> <span class='ocrx_word' id='word_1_13' title='bbox 584 338 718 385; x_wconf 70' lang='lat' dir='ltr'>armi5</span> <span class='ocrx_word' id='word_1_14' title='bbox 738 339 928 386; x_wconf 80' lang='lat' dir='ltr'>invadit.</span> <span class='ocrx_word' id='word_1_15' title='bbox 971 339 1118 386; x_wconf 86' lang='lat' dir='ltr'>Prima</span> <span class='ocrx_word' id='word_1_16' title='bbox 1139 352 1326 402; x_wconf 77' lang='lat' dir='ltr'>excepta</span> <span class='ocrx_word' id='word_1_17' title='bbox 1347 358 1371 387; x_wconf 87' lang='lat' dir='ltr'>a</span> <span class='ocrx_word' id='word_1_18' title='bbox 1394 342 1483 388; x_wconf 88' lang='lat' dir='ltr'>cir-</span> 
     </span>
     <span class='ocr_line' id='line_1_4' title="bbox 185 412 1479 477; baseline 0.002 -18"><span class='ocrx_word' id='word_1_19' title='bbox 185 412 506 460; x_wconf 85' lang='lat' dir='ltr'>cumstantibus</span> <span class='ocrx_word' id='word_1_20' title='bbox 529 413 629 459; x_wconf 87' lang='lat' dir='ltr'>tela.</span> <span class='ocrx_word' id='word_1_21' title='bbox 670 412 874 458; x_wconf 84' lang='lat' dir='ltr'>sustineri</span> <span class='ocrx_word' id='word_1_22' title='bbox 892 413 1052 460; x_wconf 90' lang='lat' dir='ltr'>deinde</span> <span class='ocrx_word' id='word_1_23' title='bbox 1072 414 1143 460; x_wconf 86' lang='lat' dir='ltr'>vis</span> <span class='ocrx_word' id='word_1_24' title='bbox 1164 414 1332 477; x_wconf 88' lang='lat' dir='ltr'>nequit.</span> <span class='ocrx_word' id='word_1_25' title='bbox 1351 416 1479 462; x_wconf 89' lang='lat' dir='ltr'><strong>Con-</strong></span> 
     </span>
     <span class='ocr_line' id='line_1_5' title="bbox 184 485 1479 550; baseline 0.002 -18"><span class='ocrx_word' id='word_1_26' title='bbox 184 485 251 532; x_wconf 85' lang='lat' dir='ltr'>sul</span> <span class='ocrx_word' id='word_1_27' title='bbox 271 485 512 533; x_wconf 86' lang='lat' dir='ltr'>mortifero</span> <span class='ocrx_word' id='word_1_28' title='bbox 533 485 723 531; x_wconf 82' lang='lat' dir='ltr'>vulnere</span> <span class='ocrx_word' id='word_1_29' title='bbox 744 485 854 531; x_wconf 55' lang='lat' dir='ltr'>ieius</span> <span class='ocrx_word' id='word_1_30' title='bbox 879 486 1021 544; x_wconf 80' lang='lat' dir='ltr'>cadit,</span> <span class='ocrx_word' id='word_1_31' title='bbox 1043 485 1213 550; x_wconf 78' lang='lat' dir='ltr'>fusique</span> <span class='ocrx_word' id='word_1_32' title='bbox 1234 487 1352 534; x_wconf 83' lang='lat' dir='ltr'>circa</span> <span class='ocrx_word' id='word_1_33' title='bbox 1373 504 1479 535; x_wconf 91' lang='lat' dir='ltr'>om-</span> 
     </span>
     <span class='ocr_line' id='line_1_6' title="bbox 182 557 1477 622; baseline 0.002 -19"><span class='ocrx_word' id='word_1_34' title='bbox 182 573 278 605; x_wconf 87' lang='lat' dir='ltr'><strong>nes.</strong></span> <span class='ocrx_word' id='word_1_35' title='bbox 304 558 464 606; x_wconf 88' lang='lat' dir='ltr'>Tuscis</span> <span class='ocrx_word' id='word_1_36' title='bbox 487 557 645 607; x_wconf 87' lang='lat' dir='ltr'>crescit</span> <span class='ocrx_word' id='word_1_37' title='bbox 666 558 865 605; x_wconf 83' lang='lat' dir='ltr'>audacia.</span> <span class='ocrx_word' id='word_1_38' title='bbox 887 559 1124 605; x_wconf 88' lang='lat' dir='ltr'>Romanos</span> <span class='ocrx_word' id='word_1_39' title='bbox 1141 571 1289 606; x_wconf 90' lang='lat' dir='ltr'>terror</span> <span class='ocrx_word' id='word_1_40' title='bbox 1306 576 1387 622; x_wconf 90' lang='lat' dir='ltr'>per</span> <span class='ocrx_word' id='word_1_41' title='bbox 1404 572 1477 605; x_wconf 84' lang='lat' dir='ltr'>to·</span> 
     </span>
     <span class='ocr_line' id='line_1_7' title="bbox 180 631 1483 696; baseline -0.001 -18"><span class='ocrx_word' id='word_1_42' title='bbox 180 642 226 678; x_wconf 84' lang='lat' dir='ltr'>ta</span> <span class='ocrx_word' id='word_1_43' title='bbox 255 631 395 678; x_wconf 86' lang='lat' dir='ltr'>castra</span> <span class='ocrx_word' id='word_1_44' title='bbox 421 632 622 695; x_wconf 86' lang='lat' dir='ltr'>trepidos</span> <span class='ocrx_word' id='word_1_45' title='bbox 652 632 753 696; x_wconf 82' lang='lat' dir='ltr'>agit.</span> <span class='ocrx_word' id='word_1_46' title='bbox 795 634 846 680; x_wconf 89' lang='lat'>&amp;</span> <span class='ocrx_word' id='word_1_47' title='bbox 876 632 932 678; x_wconf 88' lang='lat' dir='ltr'>ad</span> <span class='ocrx_word' id='word_1_48' title='bbox 958 643 1158 679; x_wconf 86' lang='lat' dir='ltr'>extrema</span> <span class='ocrx_word' id='word_1_49' title='bbox 1185 644 1374 678; x_wconf 89' lang='lat' dir='ltr'>ventum</span> <span class='ocrx_word' id='word_1_50' title='bbox 1404 631 1483 677; x_wconf 78' lang='lat' dir='ltr'>fo-=·</span> 
     </span>
     <span class='ocr_line' id='line_1_8' title="bbox 180 705 1476 769; baseline 0.001 -17"><span class='ocrx_word' id='word_1_51' title='bbox 180 720 249 752; x_wconf 87' lang='lat' dir='ltr'>ret</span> <span class='ocrx_word' id='word_1_52' title='bbox 264 743 279 763; x_wconf 93' lang='lat'><strong><em>,</em></strong></span> <span class='ocrx_word' id='word_1_53' title='bbox 299 706 346 752; x_wconf 89' lang='lat' dir='ltr'>ni</span> <span class='ocrx_word' id='word_1_54' title='bbox 368 706 526 769; x_wconf 83' lang='lat' dir='ltr'>legati,</span> <span class='ocrx_word' id='word_1_55' title='bbox 547 719 680 769; x_wconf 84' lang='lat' dir='ltr'>rapto</span> <span class='ocrx_word' id='word_1_56' title='bbox 701 706 898 753; x_wconf 87' lang='lat' dir='ltr'>consulis</span> <span class='ocrx_word' id='word_1_57' title='bbox 917 722 1117 769; x_wconf 89' lang='lat' dir='ltr'>corpore</span> <span class='ocrx_word' id='word_1_58' title='bbox 1133 742 1146 764; x_wconf 88' lang='lat'>‚</span> <span class='ocrx_word' id='word_1_59' title='bbox 1168 705 1476 768; x_wconf 74' lang='lat' dir='ltr'>patefecissent</span> 
     </span>
     <span class='ocr_line' id='line_1_9' title="bbox 179 778 1474 842; baseline 0.002 -19"><span class='ocrx_word' id='word_1_60' title='bbox 179 794 272 824; x_wconf 82' lang='lat' dir='ltr'>una</span> <span class='ocrx_word' id='word_1_61' title='bbox 298 790 432 841; x_wconf 89' lang='lat' dir='ltr'>porta</span> <span class='ocrx_word' id='word_1_62' title='bbox 452 778 655 825; x_wconf 84' lang='lat' dir='ltr'>hostibus</span> <span class='ocrx_word' id='word_1_63' title='bbox 675 779 813 827; x_wconf 87' lang='lat' dir='ltr'>viam.</span> <span class='ocrx_word' id='word_1_64' title='bbox 837 781 899 825; x_wconf 88' lang='lat' dir='ltr'>Ea</span> <span class='ocrx_word' id='word_1_65' title='bbox 924 790 1193 842; x_wconf 78' lang='lat' dir='ltr'>erumpunt3</span> <span class='ocrx_word' id='word_1_66' title='bbox 1216 778 1474 825; x_wconf 85' lang='lat' dir='ltr'>consterna·</span> 
     </span>
     <span class='ocr_line' id='line_1_10' title="bbox 178 852 1477 917; baseline 0.002 -20"><span class='ocrx_word' id='word_1_67' title='bbox 178 862 322 914; x_wconf 85' lang='lat' dir='ltr'>toque</span> <span class='ocrx_word' id='word_1_68' title='bbox 355 852 533 917; x_wconf 82' lang='lat' dir='ltr'>agmine</span> <span class='ocrx_word' id='word_1_69' title='bbox 563 853 780 900; x_wconf 85' lang='lat' dir='ltr'>abeuntes</span> <span class='ocrx_word' id='word_1_70' title='bbox 809 853 856 899; x_wconf 89' lang='lat' dir='ltr'>in</span> <span class='ocrx_word' id='word_1_71' title='bbox 882 853 1104 901; x_wconf 69' lang='lat' dir='ltr'>vi&amp;0rem</span> <span class='ocrx_word' id='word_1_72' title='bbox 1133 853 1322 899; x_wconf 85' lang='lat' dir='ltr'>alterum</span> <span class='ocrx_word' id='word_1_73' title='bbox 1353 852 1477 900; x_wconf 87' lang='lat' dir='ltr'>inci-</span> 
     </span>
     <span class='ocr_line' id='line_1_11' title="bbox 177 923 1477 989; baseline 0.004 -21"><span class='ocrx_word' id='word_1_74' title='bbox 177 923 293 969; x_wconf 88' lang='lat' dir='ltr'>dunt</span> <span class='ocrx_word' id='word_1_75' title='bbox 314 923 563 973; x_wconf 88' lang='lat' dir='ltr'>consulem.</span> <span class='ocrx_word' id='word_1_76' title='bbox 591 925 654 971; x_wconf 91' lang='lat' dir='ltr'>ibi</span> <span class='ocrx_word' id='word_1_77' title='bbox 674 925 838 972; x_wconf 89' lang='lat' dir='ltr'>iterum</span> <span class='ocrx_word' id='word_1_78' title='bbox 859 926 957 973; x_wconf 80' lang='lat' dir='ltr'>caesi</span> <span class='ocrx_word' id='word_1_79' title='bbox 979 925 1153 989; x_wconf 88' lang='lat' dir='ltr'>fufique</span> <span class='ocrx_word' id='word_1_80' title='bbox 1172 926 1340 988; x_wconf 86' lang='lat' dir='ltr'>paffim.</span> <span class='ocrx_word' id='word_1_81' title='bbox 1358 927 1477 974; x_wconf 85' lang='lat' dir='ltr'>Vic-</span> 
     </span>
     <span class='ocr_line' id='line_1_12' title="bbox 176 996 1476 1062; baseline 0.004 -20"><span class='ocrx_word' id='word_1_82' title='bbox 176 996 296 1043; x_wconf 83' lang='lat' dir='ltr'>toria</span> <span class='ocrx_word' id='word_1_83' title='bbox 317 998 492 1062; x_wconf 87' lang='lat' dir='ltr'>egregia</span> <span class='ocrx_word' id='word_1_84' title='bbox 519 1011 664 1062; x_wconf 86' lang='lat' dir='ltr'>parta,</span> <span class='ocrx_word' id='word_1_85' title='bbox 681 998 816 1045; x_wconf 86' lang='lat' dir='ltr'>tristis</span> <span class='ocrx_word' id='word_1_86' title='bbox 839 1010 988 1046; x_wconf 86' lang='lat' dir='ltr'>tamen</span> <span class='ocrx_word' id='word_1_87' title='bbox 1014 999 1193 1046; x_wconf 86' lang='lat' dir='ltr'>duobus</span> <span class='ocrx_word' id='word_1_88' title='bbox 1216 1011 1305 1046; x_wconf 86' lang='lat' dir='ltr'>tam</span> <span class='ocrx_word' id='word_1_89' title='bbox 1340 1000 1476 1049; x_wconf 75' lang='lat' dir='ltr'>claris</span> 
     </span>
     <span class='ocr_line' id='line_1_13' title="bbox 174 1069 1475 1135; baseline 0.003 -19"><span class='ocrx_word' id='word_1_90' title='bbox 174 1069 426 1119; x_wconf 83' lang='lat' dir='ltr'>funeribus.</span> <span class='ocrx_word' id='word_1_91' title='bbox 456 1074 608 1135; x_wconf 86' lang='lat' dir='ltr'>Itaque</span> <span class='ocrx_word' id='word_1_92' title='bbox 634 1071 820 1130; x_wconf 83' lang='lat' dir='ltr'>consul,</span> <span class='ocrx_word' id='word_1_93' title='bbox 840 1073 1105 1120; x_wconf 82' lang='lat' dir='ltr'><strong>decernente</strong></span> <span class='ocrx_word' id='word_1_94' title='bbox 1136 1072 1290 1120; x_wconf 84' lang='lat' dir='ltr'>senatu</span> <span class='ocrx_word' id='word_1_95' title='bbox 1317 1072 1475 1120; x_wconf 85' lang='lat' dir='ltr'>trium·</span> 
     </span>
     <span class='ocr_line' id='line_1_14' title="bbox 175 1144 1476 1211; baseline 0.002 -21"><span class='ocrx_word' id='word_1_96' title='bbox 175 1144 345 1208; x_wconf 86' lang='lat' dir='ltr'>phum‚</span> <span class='ocrx_word' id='word_1_97' title='bbox 371 1149 422 1191; x_wconf 84' lang='lat' dir='ltr'>Si</span> <span class='ocrx_word' id='word_1_98' title='bbox 441 1150 642 1193; x_wconf 77' lang='lat' dir='ltr'>exercitus</span> <span class='ocrx_word' id='word_1_99' title='bbox 652 1146 747 1211; x_wconf 77' lang='lat' dir='ltr'>fine</span> <span class='ocrx_word' id='word_1_100' title='bbox 772 1150 1014 1208; x_wconf 79' lang='lat' dir='ltr'>imperatore</span> <span class='ocrx_word' id='word_1_101' title='bbox 1044 1149 1294 1209; x_wconf 75' lang='lat' dir='ltr'>triumphare</span> <span class='ocrx_word' id='word_1_102' title='bbox 1312 1148 1441 1210; x_wconf 74' lang='lat' dir='ltr'><em>poffi&#39;c</em></span> <span class='ocrx_word' id='word_1_103' title='bbox 1452 1183 1476 1205; x_wconf 75' lang='lat'><strong><em>,</em></strong></span> 
     </span>
     <span class='ocr_line' id='line_1_15' title="bbox 169 1220 1471 1287; baseline 0.002 -21"><span class='ocrx_word' id='word_1_104' title='bbox 169 1240 249 1282; x_wconf 77' lang='lat' dir='ltr'>pro</span> <span class='ocrx_word' id='word_1_105' title='bbox 267 1223 427 1266; x_wconf 82' lang='lat' dir='ltr'>eximia</span> <span class='ocrx_word' id='word_1_106' title='bbox 456 1239 500 1266; x_wconf 85' lang='lat' dir='ltr'>eo</span> <span class='ocrx_word' id='word_1_107' title='bbox 521 1223 624 1267; x_wconf 82' lang='lat' dir='ltr'>bello</span> <span class='ocrx_word' id='word_1_108' title='bbox 650 1240 771 1282; x_wconf 82' lang='lat' dir='ltr'>opera</span> <span class='ocrx_word' id='word_1_109' title='bbox 796 1222 931 1280; x_wconf 80' lang='lat' dir='ltr'>facile</span> <span class='ocrx_word' id='word_1_110' title='bbox 952 1220 1190 1287; x_wconf 69' lang='lat' dir='ltr'>pastinum,</span> <span class='ocrx_word' id='word_1_111' title='bbox 1211 1220 1471 1285; x_wconf 79' lang='lat' dir='ltr'>respondit:</span> 
     </span>
     <span class='ocr_line' id='line_1_16' title="bbox 162 1294 1468 1362; baseline 0.005 -23"><span class='ocrx_word' id='word_1_112' title='bbox 162 1295 241 1355; x_wconf 76' lang='lat' dir='ltr'>fi,</span> <span class='ocrx_word' id='word_1_113' title='bbox 262 1294 445 1353; x_wconf 75' lang='lat' dir='ltr'>familia</span> <span class='ocrx_word' id='word_1_114' title='bbox 463 1294 637 1362; x_wconf 79' lang='lat' dir='ltr'>funesta</span> <span class='ocrx_word' id='word_1_115' title='bbox 671 1297 728 1358; x_wconf 91' lang='lat' dir='ltr'>Q.</span> <span class='ocrx_word' id='word_1_116' title='bbox 754 1299 880 1342; x_wconf 76' lang='lat' dir='ltr'>Fabii</span> <span class='ocrx_word' id='word_1_117' title='bbox 897 1297 1054 1356; x_wconf 80' lang='lat' dir='ltr'><em>fratris</em></span> <span class='ocrx_word' id='word_1_118' title='bbox 1078 1314 1229 1356; x_wconf 77' lang='lat' dir='ltr'><em>morte,</em></span> <span class='ocrx_word' id='word_1_119' title='bbox 1260 1301 1468 1359; x_wconf 73' lang='lat' dir='ltr'><em>republica</em></span> 
     </span>
     <span class='ocr_line' id='line_1_17' title="bbox 174 1369 1472 1434; baseline 0.004 -21"><span class='ocrx_word' id='word_1_120' title='bbox 174 1387 229 1414; x_wconf 77' lang='lat' dir='ltr'>ex</span> <span class='ocrx_word' id='word_1_121' title='bbox 246 1385 367 1428; x_wconf 80' lang='lat' dir='ltr'>parte</span> <span class='ocrx_word' id='word_1_122' title='bbox 393 1371 491 1414; x_wconf 84' lang='lat' dir='ltr'>orba</span> <span class='ocrx_word' id='word_1_123' title='bbox 510 1370 672 1430; x_wconf 72' lang='lat' dir='ltr'>confide</span> <span class='ocrx_word' id='word_1_124' title='bbox 690 1373 817 1417; x_wconf 82' lang='lat' dir='ltr'>altero</span> <span class='ocrx_word' id='word_1_125' title='bbox 837 1369 982 1434; x_wconf 71' lang='lat' dir='ltr'>amiffr&#39;)</span> <span class='ocrx_word' id='word_1_126' title='bbox 996 1407 1009 1429; x_wconf 81' lang='lat'>‚</span> <span class='ocrx_word' id='word_1_127' title='bbox 1027 1373 1202 1433; x_wconf 84' lang='lat' dir='ltr'>publico</span> <span class='ocrx_word' id='word_1_128' title='bbox 1218 1376 1472 1433; x_wconf 69' lang='lat' dir='ltr'>privatoque</span> 
     </span>
     <span class='ocr_line' id='line_1_18' title="bbox 174 1440 1466 1506; baseline 0.005 -20"><span class='ocrx_word' id='word_1_129' title='bbox 174 1440 396 1498; x_wconf 79' lang='lat' dir='ltr'>deformem</span> <span class='ocrx_word' id='word_1_130' title='bbox 416 1443 526 1487; x_wconf 75' lang='grc' dir='ltr'><em>ἰιιῖἷιι</em></span> <span class='ocrx_word' id='word_1_131' title='bbox 557 1447 742 1488; x_wconf 80' lang='lat' dir='ltr'>lauream</span> <span class='ocrx_word' id='word_1_132' title='bbox 767 1462 855 1489; x_wconf 79' lang='lat' dir='ltr'>non</span> <span class='ocrx_word' id='word_1_133' title='bbox 876 1462 1150 1506; x_wconf 78' lang='lat' dir='ltr'>accepturum.</span> <span class='ocrx_word' id='word_1_134' title='bbox 1190 1444 1332 1492; x_wconf 90' lang='lat' dir='ltr'>Omni</span> <span class='ocrx_word' id='word_1_135' title='bbox 1364 1446 1466 1492; x_wconf 63' lang='grc'>380</span> 
     </span>
     <span class='ocr_line' id='line_1_19' title="bbox 173 1514 1469 1580; baseline 0.005 -20"><span class='ocrx_word' id='word_1_136' title='bbox 173 1514 408 1577; x_wconf 80' lang='lat' dir='ltr'>triumpho</span> <span class='ocrx_word' id='word_1_137' title='bbox 441 1515 670 1579; x_wconf 69' lang='lat' dir='ltr'>depositus</span> <span class='ocrx_word' id='word_1_138' title='bbox 703 1516 956 1580; x_wconf 86' lang='lat' dir='ltr'>triumphus</span> <span class='ocrx_word' id='word_1_139' title='bbox 992 1519 1159 1566; x_wconf 89' lang='lat' dir='ltr'>clarior</span> <span class='ocrx_word' id='word_1_140' title='bbox 1194 1518 1293 1567; x_wconf 86' lang='lat' dir='ltr'>fuit.</span> <span class='ocrx_word' id='word_1_141' title='bbox 1349 1520 1469 1566; x_wconf 80' lang='lat' dir='ltr'>adeo</span> 
     </span>
     <span class='ocr_line' id='line_1_20' title="bbox 171 1587 1468 1654; baseline 0.007 -20"><span class='ocrx_word' id='word_1_142' title='bbox 171 1587 319 1650; x_wconf 85' lang='lat' dir='ltr'>spreta</span> <span class='ocrx_word' id='word_1_143' title='bbox 336 1588 383 1634; x_wconf 88' lang='lat' dir='ltr'>in</span> <span class='ocrx_word' id='word_1_144' title='bbox 401 1600 608 1652; x_wconf 86' lang='lat' dir='ltr'>tempore</span> <span class='ocrx_word' id='word_1_145' title='bbox 626 1591 772 1654; x_wconf 84' lang='lat' dir='ltr'>gloria</span> <span class='ocrx_word' id='word_1_146' title='bbox 793 1592 1019 1639; x_wconf 84' lang='lat' dir='ltr'>interdum</span> <span class='ocrx_word' id='word_1_147' title='bbox 1040 1595 1313 1642; x_wconf 83' lang='lat' dir='ltr'>cumulatior</span> <span class='ocrx_word' id='word_1_148' title='bbox 1331 1595 1468 1644; x_wconf 78' lang='lat' dir='ltr'>redit.</span> 
     </span>
     <span class='ocr_line' id='line_1_21' title="bbox 170 1661 1464 1732; baseline 0.006 -25"><span class='ocrx_word' id='word_1_149' title='bbox 170 1662 345 1708; x_wconf 85' lang='lat' dir='ltr'><strong>Funera</strong></span> <span class='ocrx_word' id='word_1_150' title='bbox 371 1661 532 1708; x_wconf 88' lang='lat' dir='ltr'>deinde</span> <span class='ocrx_word' id='word_1_151' title='bbox 557 1662 647 1709; x_wconf 87' lang='lat' dir='ltr'>duo</span> <span class='ocrx_word' id='word_1_152' title='bbox 670 1664 882 1728; x_wconf 86' lang='lat' dir='ltr'><strong>deinceps</strong></span> <span class='ocrx_word' id='word_1_153' title='bbox 906 1667 1091 1732; x_wconf 81' lang='lat' dir='ltr'>collegae</span> <span class='ocrx_word' id='word_1_154' title='bbox 1113 1667 1351 1732; x_wconf 85' lang='lat' dir='ltr'>fratrisque</span> <span class='ocrx_word' id='word_1_155' title='bbox 1381 1669 1464 1714; x_wconf 88' lang='lat' dir='ltr'>du·</span> 
     </span>
     <span class='ocr_line' id='line_1_22' title="bbox 172 1734 1466 1800; baseline 0.005 -18"><span class='ocrx_word' id='word_1_156' title='bbox 172 1734 266 1783; x_wconf 85' lang='lat' dir='ltr'>cit:</span> <span class='ocrx_word' id='word_1_157' title='bbox 297 1735 416 1782; x_wconf 89' lang='lat' dir='ltr'>idem</span> <span class='ocrx_word' id='word_1_158' title='bbox 438 1734 485 1782; x_wconf 89' lang='lat' dir='ltr'>in</span> <span class='ocrx_word' id='word_1_159' title='bbox 510 1748 709 1799; x_wconf 84' lang='lat' dir='ltr'>utroque</span> <span class='ocrx_word' id='word_1_160' title='bbox 741 1738 974 1799; x_wconf 86' lang='lat' dir='ltr'>laudator,</span> <span class='ocrx_word' id='word_1_161' title='bbox 1005 1759 1106 1788; x_wconf 89' lang='lat' dir='ltr'>cum</span> <span class='ocrx_word' id='word_1_162' title='bbox 1126 1777 1139 1800; x_wconf 86' lang='lat'>,</span> <span class='ocrx_word' id='word_1_163' title='bbox 1163 1742 1466 1789; x_wconf 84' lang='lat' dir='ltr'><strong>concedendo</strong></span> 
     </span>
     <span class='ocr_line' id='line_1_23' title="bbox 169 1806 1465 1876; baseline 0.005 -22"><span class='ocrx_word' id='word_1_164' title='bbox 169 1806 262 1855; x_wconf 83' lang='lat' dir='ltr'>illis</span> <span class='ocrx_word' id='word_1_165' title='bbox 287 1808 379 1856; x_wconf 89' lang='lat' dir='ltr'>suas</span> <span class='ocrx_word' id='word_1_166' title='bbox 410 1809 561 1858; x_wconf 87' lang='lat' dir='ltr'>laudes</span> <span class='ocrx_word' id='word_1_167' title='bbox 582 1845 596 1868; x_wconf 90' lang='lat'>‚</span> <span class='ocrx_word' id='word_1_168' title='bbox 624 1810 714 1873; x_wconf 91' lang='lat' dir='ltr'>ipse</span> <span class='ocrx_word' id='word_1_169' title='bbox 741 1813 978 1860; x_wconf 80' lang='lat' dir='ltr'>maximam</span> <span class='ocrx_word' id='word_1_170' title='bbox 1009 1827 1179 1876; x_wconf 87' lang='lat' dir='ltr'>partem</span> <span class='ocrx_word' id='word_1_171' title='bbox 1201 1831 1353 1861; x_wconf 86' lang='lat' dir='ltr'>earum</span> <span class='ocrx_word' id='word_1_172' title='bbox 1377 1813 1465 1861; x_wconf 81' lang='lat' dir='ltr'>fer·</span> 
     </span>
     <span class='ocr_line' id='line_1_24' title="bbox 168 1883 1466 1952; baseline 0.003 -22"><span class='ocrx_word' id='word_1_173' title='bbox 168 1894 251 1931; x_wconf 84' lang='lat' dir='ltr'>ret.</span> <span class='ocrx_word' id='word_1_174' title='bbox 290 1884 454 1948; x_wconf 88' lang='lat' dir='ltr'><strong>Neque</strong></span> <span class='ocrx_word' id='word_1_175' title='bbox 482 1883 721 1932; x_wconf 89' lang='lat' dir='ltr'><em>immemor</em></span> <span class='ocrx_word' id='word_1_176' title='bbox 746 1885 868 1948; x_wconf 86' lang='lat' dir='ltr'>ejus,</span> <span class='ocrx_word' id='word_1_177' title='bbox 891 1888 1017 1952; x_wconf 87' lang='lat' dir='ltr'>quod</span> <span class='ocrx_word' id='word_1_178' title='bbox 1045 1887 1177 1935; x_wconf 88' lang='lat' dir='ltr'>initio</span> <span class='ocrx_word' id='word_1_179' title='bbox 1206 1886 1466 1934; x_wconf 80' lang='lat' dir='ltr'>consulatus</span> 
     </span>
     <span class='ocr_line' id='line_1_25' title="bbox 168 1955 1467 2023; baseline 0.004 -22"><span class='ocrx_word' id='word_1_180' title='bbox 168 1955 424 2015; x_wconf 81' lang='lat' dir='ltr'>imbiberat,</span> <span class='ocrx_word' id='word_1_181' title='bbox 443 1958 771 2006; x_wconf 87' lang='lat' dir='ltr'>reconciliandi</span> <span class='ocrx_word' id='word_1_182' title='bbox 792 1960 968 2007; x_wconf 87' lang='lat' dir='ltr'>animos</span> <span class='ocrx_word' id='word_1_183' title='bbox 985 1959 1144 2023; x_wconf 86' lang='lat' dir='ltr'>plebis,</span> <span class='ocrx_word' id='word_1_184' title='bbox 1160 1960 1331 2007; x_wconf 84' lang='lat' dir='ltr'>saucios</span> <span class='ocrx_word' id='word_1_185' title='bbox 1348 1959 1467 2006; x_wconf 67' lang='lat' dir='ltr'>mili·</span> 
     </span>
     <span class='ocr_line' id='line_1_26' title="bbox 168 2032 1460 2098; baseline 0.003 -21"><span class='ocrx_word' id='word_1_186' title='bbox 168 2042 236 2077; x_wconf 85' lang='lat' dir='ltr'>tes</span> <span class='ocrx_word' id='word_1_187' title='bbox 266 2033 492 2080; x_wconf 85' lang='lat' dir='ltr'>curandos</span> <span class='ocrx_word' id='word_1_188' title='bbox 514 2032 678 2081; x_wconf 87' lang='lat' dir='ltr'>dividit</span> <span class='ocrx_word' id='word_1_189' title='bbox 703 2034 918 2082; x_wconf 85' lang='lat' dir='ltr'>Patribus.</span> <span class='ocrx_word' id='word_1_190' title='bbox 957 2035 1103 2082; x_wconf 73' lang='lat' dir='ltr'>fabiis</span> <span class='ocrx_word' id='word_1_191' title='bbox 1129 2035 1308 2098; x_wconf 84' lang='lat' dir='ltr'>plurimi</span> <span class='ocrx_word' id='word_1_192' title='bbox 1331 2034 1421 2081; x_wconf 87' lang='lat' dir='ltr'>dati</span> <span class='ocrx_word' id='word_1_193' title='bbox 1443 2052 1460 2081; x_wconf 74' lang='lat'>2</span> 
     </span>
     <span class='ocr_line' id='line_1_27' title="bbox 168 2104 1460 2171; baseline 0.003 -22"><span class='ocrx_word' id='word_1_194' title='bbox 168 2120 253 2150; x_wconf 84' lang='lat' dir='ltr'>nec</span> <span class='ocrx_word' id='word_1_195' title='bbox 269 2104 373 2150; x_wconf 89' lang='lat' dir='ltr'>alibi</span> <span class='ocrx_word' id='word_1_196' title='bbox 391 2104 563 2166; x_wconf 80' lang='lat' dir='ltr'>majore</span> <span class='ocrx_word' id='word_1_197' title='bbox 581 2123 689 2153; x_wconf 84' lang='lat' dir='ltr'>cura</span> <span class='ocrx_word' id='word_1_198' title='bbox 708 2107 861 2154; x_wconf 82' lang='lat' dir='ltr'>habiti.</span> <span class='ocrx_word' id='word_1_199' title='bbox 883 2108 987 2154; x_wconf 86' lang='lat' dir='ltr'>Inde</span> <span class='ocrx_word' id='word_1_200' title='bbox 1007 2108 1249 2171; x_wconf 81' lang='lat' dir='ltr'>populares</span> <span class='ocrx_word' id='word_1_201' title='bbox 1266 2106 1355 2169; x_wconf 86' lang='lat' dir='ltr'>jam</span> <span class='ocrx_word' id='word_1_202' title='bbox 1373 2107 1460 2154; x_wconf 82' lang='lat' dir='ltr'>effe</span> 
     </span>
     <span class='ocr_line' id='line_1_28' title="bbox 168 2175 1457 2242; baseline 0.004 -21"><span class='ocrx_word' id='word_1_203' title='bbox 168 2175 293 2222; x_wconf 84' lang='lat' dir='ltr'>Fabii</span> <span class='ocrx_word' id='word_1_204' title='bbox 316 2192 327 2219; x_wconf 91' lang='lat'><strong>:</strong></span> <span class='ocrx_word' id='word_1_205' title='bbox 361 2193 443 2222; x_wconf 88' lang='lat' dir='ltr'>nec</span> <span class='ocrx_word' id='word_1_206' title='bbox 473 2177 564 2224; x_wconf 88' lang='lat' dir='ltr'>hoc</span> <span class='ocrx_word' id='word_1_207' title='bbox 595 2178 712 2237; x_wconf 81' lang='lat' dir='ltr'>ulla,</span> <span class='ocrx_word' id='word_1_208' title='bbox 739 2179 819 2226; x_wconf 82' lang='lat' dir='ltr'>nifi</span> <span class='ocrx_word' id='word_1_209' title='bbox 846 2179 1009 2227; x_wconf 80' lang='lat' dir='ltr'>salubri</span> <span class='ocrx_word' id='word_1_210' title='bbox 1035 2179 1320 2242; x_wconf 60' lang='lat' dir='ltr'>reipublicae,</span> <span class='ocrx_word' id='word_1_211' title='bbox 1347 2191 1457 2226; x_wconf 87' lang='lat' dir='ltr'>arte.</span> 
     </span>
    </p>
   </div>
   <div class='ocr_carea' id='block_1_3' title="bbox 233 2255 1459 2323">
    <p class='ocr_par' dir='ltr' id='par_1_3' title="bbox 233 2255 1459 2323">
     <span class='ocr_line' id='line_1_29' title="bbox 233 2255 1459 2323; baseline 0.005 -22"><span class='ocrx_word' id='word_1_212' title='bbox 233 2255 433 2302; x_wconf 86' lang='lat' dir='ltr'><strong>XLVIII.</strong></span> <span class='ocrx_word' id='word_1_213' title='bbox 456 2256 594 2320; x_wconf 83' lang='lat' dir='ltr'>Igitur</span> <span class='ocrx_word' id='word_1_214' title='bbox 618 2275 713 2305; x_wconf 86' lang='lat' dir='ltr'>non</span> <span class='ocrx_word' id='word_1_215' title='bbox 740 2260 919 2306; x_wconf 74' lang='lat' dir='ltr'>Parrum</span> <span class='ocrx_word' id='word_1_216' title='bbox 943 2260 1080 2323; x_wconf 82' lang='lat' dir='ltr'>magis</span> <span class='ocrx_word' id='word_1_217' title='bbox 1095 2296 1109 2318; x_wconf 88' lang='lat'>‚</span> <span class='ocrx_word' id='word_1_218' title='bbox 1132 2276 1262 2323; x_wconf 85' lang='lat' dir='ltr'>quam</span> <span class='ocrx_word' id='word_1_219' title='bbox 1286 2259 1459 2323; x_wconf 85' lang='lat' dir='ltr'>plebis,</span> 
     </span>
    </p>
   </div>
   <div class='ocr_carea' id='block_1_4' title="bbox 168 2328 1458 2469">
    <p class='ocr_par' dir='ltr' id='par_1_4' title="bbox 168 2328 1458 2469">
     <span class='ocr_line' id='line_1_30' title="bbox 168 2328 1458 2396; baseline 0.005 -22"><span class='ocrx_word' id='word_1_220' title='bbox 168 2328 321 2376; x_wconf 85' lang='lat' dir='ltr'>studiis</span> <span class='ocrx_word' id='word_1_221' title='bbox 351 2330 480 2377; x_wconf 82' lang='lat' dir='ltr'>Caeso</span> <span class='ocrx_word' id='word_1_222' title='bbox 515 2332 672 2379; x_wconf 87' lang='lat' dir='ltr'>Fabius</span> <span class='ocrx_word' id='word_1_223' title='bbox 703 2350 805 2379; x_wconf 84' lang='lat' dir='ltr'>cum</span> <span class='ocrx_word' id='word_1_224' title='bbox 838 2334 894 2379; x_wconf 90' lang='lat' dir='ltr'>T.</span> <span class='ocrx_word' id='word_1_225' title='bbox 921 2333 1131 2396; x_wconf 81' lang='lat' dir='ltr'>Virginio</span> <span class='ocrx_word' id='word_1_226' title='bbox 1170 2332 1327 2380; x_wconf 90' lang='lat' dir='ltr'>consul</span> <span class='ocrx_word' id='word_1_227' title='bbox 1359 2332 1458 2380; x_wconf 90' lang='lat' dir='ltr'>fac-</span> 
     </span>
     <span class='ocr_line' id='line_1_31' title="bbox 169 2403 1457 2469; baseline 0.005 -23"><span class='ocrx_word' id='word_1_228' title='bbox 169 2414 273 2460; x_wconf 69' lang='lat' dir='ltr'>tus,</span> <span class='ocrx_word' id='word_1_229' title='bbox 310 2419 455 2465; x_wconf 87' lang='lat' dir='ltr'>neque</span> <span class='ocrx_word' id='word_1_230' title='bbox 499 2403 646 2463; x_wconf 88' lang='lat' dir='ltr'>bella,</span> <span class='ocrx_word' id='word_1_231' title='bbox 681 2422 826 2469; x_wconf 85' lang='lat' dir='ltr'>neque</span> <span class='ocrx_word' id='word_1_232' title='bbox 864 2405 1093 2464; x_wconf 53' lang='lat' dir='ltr'>delebitis,</span> <span class='ocrx_word' id='word_1_233' title='bbox 1130 2422 1275 2469; x_wconf 89' lang='lat' dir='ltr'><strong>neque</strong></span> <span class='ocrx_word' id='word_1_234' title='bbox 1316 2406 1457 2453; x_wconf 88' lang='lat' dir='ltr'>ullam</span> 
     </span>
    </p>
   </div>
   <div class='ocr_carea' id='block_1_5' title="bbox 168 2474 1454 2546">
    <p class='ocr_par' dir='ltr' id='par_1_5' title="bbox 168 2474 1454 2546">
     <span class='ocr_line' id='line_1_32' title="bbox 168 2474 1454 2546; baseline 0.006 -27"><span class='ocrx_word' id='word_1_235' title='bbox 168 2474 300 2523; x_wconf 76' lang='lat' dir='ltr'>aliam</span> <span class='ocrx_word' id='word_1_236' title='bbox 328 2476 527 2540; x_wconf 82' lang='lat' dir='ltr'>priorem</span> <span class='ocrx_word' id='word_1_237' title='bbox 555 2496 708 2529; x_wconf 76' lang='lat' dir='ltr'>curam</span> <span class='ocrx_word' id='word_1_238' title='bbox 733 2496 891 2545; x_wconf 78' lang='lat' dir='ltr'>agere,</span> <span class='ocrx_word' id='word_1_239' title='bbox 914 2497 1049 2545; x_wconf 76' lang='lat' dir='ltr'>quam</span> <span class='ocrx_word' id='word_1_240' title='bbox 1078 2491 1156 2542; x_wconf 80' lang='lat' dir='ltr'>ut,</span> <span class='ocrx_word' id='word_1_241' title='bbox 1185 2479 1276 2543; x_wconf 85' lang='lat' dir='ltr'>jam</span> <span class='ocrx_word' id='word_1_242' title='bbox 1305 2480 1454 2546; x_wconf 75' lang='lat' dir='ltr'>aliqua</span> 
     </span>
    </p>
   </div>
  </div>
 </body>
</html>
