1582 2793
200 161 292 223 238
551 156 1114 206 T1T1L1V11

195 270 335 317 castra
364 268 546 328 scribit,
580 273 646 316 Ne
680 274 726 315 V
722 272 873 332 irginio
905 283 1176 315 commeatum
1203 269 1334 323 dent,'
1372 281 1493 330 atque

195 347 320 390 etiam
338 347 384 390 in
411 346 593 413 custodia
611 345 805 389 habeant.
849 342 1115 405 Improbum
1150 339 1390 387 consilium
1423 339 1493 386 se-

196 434 296 463 rum
318 453 332 475 ,
369 429 419 464 ut
455 417 642 475 debuit,
680 416 796 462 fuit:
833 418 882 463 &
919 415 1007 475 jam
1044 425 1304 461 commeatu
1343 412 1492 461 sumto

196 494 426 558 profectus
458 494 692 558 Virginius
728 492 872 554 prima
903 490 1060 553 vigilia
1093 501 1221 547 erat,
1263 506 1368 536 cum
1401 505 1492 551 po—

197 569 318 615 stero
345 569 416 615 die
436 586 567 616 mane
597 568 650 614 de
674 565 912 614 retinendo
935 581 991 611 eo
1023 563 1325 628 nequidquam
1353 564 1496 611 literae

198 643 463 689 redduntur.
491 671 500 683 κ

262 717 443 764 XLVII.
481 718 540 760 At
563 713 608 757 in
638 710 749 757 urbe
775 710 920 773 prima
952 709 1053 757 luce
1073 743 1086 767 ,
1118 726 1221 756 cum
1258 706 1419 755 civitas
1446 705 1495 755 in

197 789 304 836 foro
333 787 664 850 exspectatione
686 785 829 831 erecta
857 784 986 830 staret
1001 820 1014 842 ,
1034 781 1267 846 Virginius
1287 780 1494 829 sordida-

197 878 269 910 tus
306 861 442 907 filiam
480 859 600 906 suam
633 857 837 904 obsoleta
868 857 1033 912 vestes
1053 854 1377 902 comitantibus
1411 853 1494 900 ali-

197 949 318 1002 quot
341 933 560 982 matronis
577 968 591 991 ‚
611 949 716 979 cum
744 930 916 994 ingenti
941 928 1250 977 advocatione
1270 927 1318 975 in
1341 927 1493 976 forum

197 1010 397 1058 deducit.
429 1008 680 1056 Circumire
700 1006 830 1053 ibi&
850 1004 1057 1068 prensare
1087 1005 1295 1052 homines
1323 1004 1494 1067 coepit;

197 1089 251 1135 &
277 1101 372 1132 non
403 1099 535 1131 orare
572 1081 716 1127 solum
749 1079 997 1142 precariam
1018 1095 1154 1140 opem
1171 1114 1185 1137 ‚
1211 1077 1282 1123 sed
1304 1094 1388 1140 pro
1411 1077 1492 1124 de-

198 1162 290 1209 bita
319 1171 468 1224 petere
489 1176 500 1204 t
539 1161 592 1202 Se
610 1175 690 1218 pro
719 1157 857 1201 liberis
881 1173 1015 1199 eorum
1038 1171 1087 1198 ac
1120 1152 1367 1215 conjugibus
1391 1171 1495 1215 quo-

199 1240 300 1283 tidie
335 1239 382 1282 in
419 1237 505 1279 acie
525 1234 667 1297 stare:
701 1249 773 1277 nec
803 1232 935 1274 alium
965 1231 1101 1274 virum
1134 1224 1234 1291 effi,
1261 1227 1494 1292 cujusstre-

203 1330 281 1357 mae
301 1329 349 1355 ac
371 1309 569 1368 fhrociter
617 1307 708 1352 αὲἵα
730 1308 775 1350 in
793 1306 896 1350 bello
920 1307 1049 1364 plura
1077 1305 1294 1347 memorari
1316 1300 1494 1367 poffint.

202 1387 326 1446 Quid
350 1381 568 1444 prodcſjb,
588 1381 638 1445 si
650 1416 665 1436 ‚
687 1381 890 1425 incolumi
927 1379 1050 1432 urbe,
1075 1394 1159 1436 quae
1175 1411 1189 1431 ‚
1214 1392 1364 1436 capta,
1386 1379 1493 1423 ulti-

197 1476 267 1504 ma
302 1460 550 1513 timcantur,
574 1455 712 1500 liberis*
734 1454 831 1513 sicis
844 1452 939 1517 sint
963 1450 1210 1511 patienda?
1248 1450 1358 1495 Haec
1381 1465 1493 1511 pro-

197 1549 253 1594 pe
276 1529 685 1578 concionabnndus
703 1526 970 1574 circumibat
991 1521 1212 1568 homines.
1232 1520 1402 1568 Similia
1424 1521 1494 1569 his

197 1605 254 1650 ab
275 1602 404 1649 Icilio
438 1601 727 1663 jactabantur.
766 1597 1008 1645 comitatus
1035 1593 1264 1640 muliebris
1298 1594 1397 1656 plus
1425 1607 1495 1642 ta-

198 1678 293 1725 cito
314 1677 421 1724 fletu
436 1713 448 1734 ,
471 1693 607 1739 quam
632 1675 719 1721 ulla
744 1691 868 1731 vox,
890 1671 1121 1718 movebat.
1147 1668 1371 1715 Adversus
1391 1685 1493 1732 quae

197 1752 353 1799 omnia
388 1751 615 1799 obstinato
646 1749 799 1796 animo
822 1747 994 1810 Appius
1018 1744 1168 1809 (tanta
1189 1742 1256 1787 vis
1284 1741 1493 1787 amentia:

197 1826 378 1883 verius,
399 1843 533 1889 quam
568 1822 735 1871 amoris
752 1858 765 1879 ‚
789 1833 986 1867 mentem
1012 1813 1312 1878 turbaverat)
1340 1816 1386 1861 in
1415 1815 1493 1862 tri-

194 1899 335 1946 bunal
363 1898 584 1947 escendit:
606 1899 656 1944 δέ
672 1933 684 1953 ‚
709 1895 833 1942 ultro
858 1904 1073 1957 querente
1102 1905 1245 1952 pauca
1267 1886 1492 1950 petitore,

197 1979 313 2036 quod
332 1975 412 2032 jus
431 1973 521 2037 sthi
545 1973 687 2034 pridie
716 1989 790 2031 per
821 1969 1094 2014 ambitionem
1124 1965 1277 2010 diflum
1308 1981 1395 2009 non
1426 1963 1493 2023 es·-

186 2051 289 2110 fic,
320 2047 575 2111 priusquam
606 2058 681 2092 aut
712 2044 785 2090 ine
817 2040 1090 2105 postulatum
1125 2049 1379 2102 perageret,
1413 2047 1492 2083 aut

199 2123 412 2187 Virginio
445 2119 745 2184 respondendi
770 2118 947 2163 daretur
974 2115 1101 2160 locus
1122 2151 1133 2168 ‚
1154 2112 1327 2175 App-ius
1353 2111 1491 2156 inter-

198 2195 330 2243 fatur.
366 2197 516 2255 Quem
555 2195 737 2239 decreto
771 2190 1022 2236 sermonem
1052 2185 1368 2249 praetenderit,
1390 2183 1490 2231 for-

202 2269 275 2316 san
315 2269 508 2332 aliquem
543 2284 703 2316 verum
749 2265 952 2311 auctores
997 2261 1173 2325 antiqui
1210 2258 1490 2306 tradiderint.

201 2343 304 2405 quia
335 2342 550 2405 nusquam
580 2340 721 2386 ullum
755 2338 801 2382 in
831 2348 952 2383 tanta
982 2334 1184 2381 foeditate
1213 2332 1380 2379 decreti
1410 2347 1490 2379 ve-

200 2417 425 2465 rifimilem
455 2415 678 2469 invenio;
711 2412 756 2458 id
776 2447 788 2468 ‚
822 2410 948 2472 quod
977 2409 1174 2466 constat,
1207 2405 1489 2455 nudum'vi-

200 2488 331 2546 detur
366 2486 745 2552 proponendum,
772 2480 962 2541 decress'e
992 2479 1216 2534 vindicias
1246 2476 1490 2528 secundum
