1582 2793
224 188 811 237 HISTORIARUM
846 187 1114 233 LIB.111.
1256 202 1337 249 191

66 303 272 349 invidiam
287 335 300 357 ‚
321 299 577 362 γηίηιιενίῑὶε,Η
602 297 730 356 Agite
752 313 842 340 cum
864 300 1040 356 collega,
1063 311 1108 340 ut
1134 311 1212 340 rem
1242 298 1344 340 incc-

64 394 182 437 gram
203 378 248 420 in
267 377 485 419 adventum
516 371 726 431 confidam
752 367 927 432 dffrac.
958 389 1007 414 nc
1022 374 1156 430 AEqui
1185 374 1345 431 quidem

68 467 118 493 ac
136 448 301 507 Volsci,
322 447 459 490 morbo
477 444 678 504 absumtis
696 444 830 502 priore
848 459 962 485 asmo
985 443 1240 500 conficlibm,
1259 461 1346 488 cru-

69 522 151 566 deli
167 520 416 579 fitperboqzte
447 519 568 562 nobis
592 517 695 559 bello
725 514 906 579 institere.
942 512 1093 574 Agunt
1126 530 1225 559 cum
1256 516 1349 561 Te-

71 592 254 639 rentillo
283 588 480 636 tribuni:
516 588 739 651 dilataque
768 587 814 632 in
842 585 1031 648 speciem
1061 586 1235 632 afflone
1256 622 1270 645 ‚
1301 603 1349 632 re

70 665 161 730 ipsa
191 665 383 722 sublata,
417 661 622 710 consules
644 659 873 721 extemplo
906 658 1106 705 arcessiti.

136 739 196 785 X.
229 735 460 784 Lucretius
493 751 594 781 cum
627 732 796 795 ingenti
818 731 998 793 praeda,
1034 729 1204 792 majore
1232 732 1352 778 mul-

73 822 123 857 to
157 810 298 873 gloria
328 807 472 854 rediit.
516 807 566 852 &
594 818 723 867 auget
751 802 939 866 gloriam
973 802 1242 861 adveniens,
1270 818 1354 848 ex-

58 881 218 944 posita
238 880 363 926 omni
382 879 430 925 in
453 894 613 941 campo
637 877 806 923 Martio
828 877 976 939 praeda
991 913 1005 936 ‚
1024 888 1074 923 ut
1093 875 1215 923 suum
1237 876 1354 941 quis-

76 969 162 1016 que
190 969 268 1015 per
289 952 485 998 triduum
507 949 741 1014 cognitum
759 949 1009 996 abduceret.
1051 949 1223 1013 reliqua
1243 966 1355 996 ven-

77 1025 191 1081 dita,
211 1025 372 1088 quibus
395 1022 569 1070 domini
596 1038 692 1068 non
722 1020 940 1068 exstitere.
974 1021 1238 1068 Debebatur
1258 1038 1356 1068 om·

78 1098 206 1144 nium
234 1096 451 1144 consensu
485 1094 657 1143 consuli
694 1094 977 1157 triumphus:
1018 1093 1090 1141 sed
1123 1093 1257 1140 dilata
1290 1110 1358 1141 res

79 1171 170 1229 est,
204 1171 389 1218 tribuno
426 1170 478 1217 de
510 1170 606 1233 lege
638 1181 808 1233 agente.
851 1168 897 1215 id
929 1168 1155 1233 antiquius
1188 1167 1363 1216 consuli

80 1241 179 1288 fuit.
217 1242 374 1288 Jac‘lata
408 1258 487 1305 per
521 1240 695 1303 aliquot
734 1239 825 1285 dies
857 1255 958 1286 cum
997 1238 1042 1284 in
1078 1237 1227 1284 senatu
1264 1253 1363 1294 res,

80 1328 177 1364 tum
209 1317 264 1364 ad
296 1315 519 1379 populum
549 1314 622 1361 est.
665 1312 785 1361 ceffit
816 1312 870 1359 ad
903 1311 1113 1358 ultimum
1150 1309 1365 1372 majestati

84 1388 279 1437 consulis
296 1389 525 1446 tribunus,
542 1389 589 1434 &
610 1385 786 1433 destitit.
818 1397 914 1431 tum
943 1383 1206 1446 imperatori
1235 1400 1367 1431 exer-

84 1462 282 1526 cituique
300 1463 452 1509 honos
469 1459 568 1506 suus
588 1459 799 1506 redditus.
836 1457 1158 1520 Triumphavit
1179 1456 1232 1502 de
1250 1457 1370 1503 Vol-

84 1536 165 1583 scis
188 1534 458 1600 AEquisque:
485 1534 833 1596 triumphantem
862 1529 1020 1577 secutae
1048 1529 1132 1575 suae
1154 1528 1369 1592 legiones·

87 1607 213 1654 alteri
249 1605 421 1654 consuli
463 1605 642 1663 datum,
673 1615 722 1650 ut
754 1618 896 1650 ovans
925 1601 1014 1647 fine
1041 1601 1258 1647 militibus
1290 1617 1369 1645 ur-

88 1680 190 1727 bem
213 1679 358 1725 iniret.
385 1680 521 1725 Anno
544 1677 704 1724 deinde
726 1674 972 1738 insequenti
1000 1675 1072 1722 lex
1098 1673 1369 1731 Terentilla,

90 1753 145 1800 ab
163 1763 265 1798 toto
286 1751 423 1798 relata
443 1750 637 1813 collegio
651 1784 664 1808 ‚
685 1764 838 1794 novos
858 1747 1049 1811 aggressa
1071 1746 1274 1794 consules
1294 1746 1374 1793 est.

90 1838 216 1873 erant
233 1823 437 1872 consules
459 1825 505 1870 P.
524 1822 794 1869 Volumnius
807 1857 821 1880 ,
838 1822 928 1868 Ser.
947 1820 1181 1883 Sulpicius.
1204 1823 1271 1866 Eo
1295 1836 1373 1865 an·-

92 1915 155 1945 no
174 1898 342 1959 coelum
357 1897 510 1944 ardere
526 1894 670 1944 visum
685 1914 700 1953 3
718 1907 834 1941 terra
850 1894 1019 1957 ingenti
1042 1892 1249 1940 concuss'a
1273 1908 1373 1938 mo-

92 1985 141 2020 tu
156 1973 229 2018 est.
245 1973 414 2018 bovem
434 1971 649 2029 locutam,
665 1969 736 2016 cui
753 1969 817 2015 rei
840 1968 990 2031 priore
1008 1984 1128 2013 anno
1149 1965 1256 2013 fides
1276 1983 1372 2013 non

94 2043 255 2101 fuerat,
270 2043 502 2090 creditum.
519 2045 637 2090 Inter
654 2041 737 2088 alia
754 2040 957 2104 prodigia
973 2041 1021 2087 &
1039 2055 1217 2086 carnem
1237 2037 1376 2101 pluit:

94 2133 230 2180 quem
258 2115 444 2161 imbrem
467 2113 625 2176 ingens
649 2128 856 2158 numerus
877 2110 1030 2156 avium
1055 2109 1382 2158 intervolitan-

97 2189 158 2233 do
200 2185 387 2249 rapuiss'e
421 2184 594 2230 fertur:
633 2183 759 2247 quod
795 2181 1057 2240 intercidit,
1090 2180 1283 2244 sparsum
1304 2181 1379 2227 -ita

94 2257 273 2321 jacuiffe
305 2273 384 2320 per
419 2255 596 2319 aliquot
629 2255 754 2312 dies,
785 2264 834 2298 ut
864 2252 978 2298 nihil
1014 2252 1133 2299 odor
1169 2264 1378 2298 mutaret.

97 2329 220 2376 Libri
237 2345 315 2392 per
331 2329 600 2376 duumviros
619 2328 848 2374 sacrorum
869 2325 999 2373 aditi:
1021 2324 1219 2388 pericula
1237 2340 1261 2369 a
1276 2339 1378 2369 con-

97 2415 236 2452 ventu
257 2403 606 2466 alienigenarum
634 2401 868 2464 praedi&a⁹
904 2416 960 2446 ne
982 2399 1058 2462 qui
1079 2399 1125 2444 in
1145 2398 1246 2443 loca
1265 2395 1381 2441 sum-

97 2494 170 2525 ma
194 2476 313 2524 urbis
343 2477 564 2541 impetus,
581 2474 809 2540 caedesque
829 2474 933 2521 inde
964 2473 1139 2520 fierent.
1174 2471 1290 2518 inter
1311 2485 1382 2516 ce-
