1582 2793
305 187 904 242 HISTORIARUM
943 192 1078 242 LIB.
1122 196 1186 242 ΙΙ.
1327 200 1390 259 99

98 298 264 367 iiirigit.
295 302 436 349 Sensit
467 301 512 347 in
548 300 589 347 se
619 299 672 347 iri
694 301 869 347 Brutus,
906 301 1142 349 Decorum
1174 314 1268 351 erat
1295 314 1392 350 tum

99 371 204 437 ipsis
242 373 461 437 capessere
499 386 696 436 pugnam
733 370 956 417 ducibus:
996 372 1133 418 avide
1169 374 1317 436 itaque
1348 373 1393 423 se

99 445 336 493 certamini
367 442 517 490 offert.
565 440 769 506 adeoque
808 441 976 488 infestis
1003 442 1162 491 animis
1195 461 1394 493 concur-

99 531 279 576 rerunt,
300 531 488 576 neuter,
509 516 616 563 dum
638 516 819 563 hostem
835 516 1096 563 vulneraret
1113 553 1126 574 ,
1149 517 1216 564 sui
1237 532 1395 582 prote·-

99 590 231 655 gendi
251 591 460 654 corporis
490 607 691 649 memor,
713 601 790 646 ut,
817 588 1054 636 contrario
1077 589 1165 636 iem
1189 607 1267 653 per
1289 609 1393 655 par·

100 681 219 710 mam
239 675 430 727 uterque
447 661 709 721 transfixus,
725 662 894 710 duabus
912 662 1131 709 haerentes
1152 663 1283 710 hastis
1304 683 1394 712 mo-

99 738 282 784 ribundi
317 755 373 783 ex
408 737 534 801 equis
567 736 673 799 lapsi
706 736 804 783 sint.
844 735 969 782 simul
1007 738 1057 785 δε
1078 748 1224 784 cetera
1256 755 1395 802 eque-

100 809 198 858 stris
228 825 373 874 pugna
410 809 581 872 coepit;
618 825 763 873 neque
788 808 848 854 ita
877 809 1021 856 multo
1051 810 1151 873 post
1181 812 1231 859 &
1265 814 1395 875 pedi-

100 896 167 931 tes
187 885 525 948 superveniunt.
558 884 623 931 lbi
642 884 764 932 varia
788 883 1007 943 νίξὶοτὶει,
1038 887 1088 933 &
1108 885 1234 933 velut
1259 903 1395 951 aequo

102 960 250 1005 Marte
279 972 520 1023 pugnatum
552 957 628 1005 est.
678 958 838 1004 dextra
868 958 1085 1021 utrinque
1115 976 1288 1009 cornua
1318 963 1396 1011 vi<-

101 1047 234 1089 cere‚
255 1031 374 1079 laeva
404 1030 620 1095 superata.
659 1030 901 1092 Veientes,
932 1030 1059 1078 vinci
1091 1032 1148 1079 ab
1178 1032 1394 1084 Romano

101 1108 244 1155 milite
280 1107 467 1165 assueti,
504 1105 585 1153 fusi
622 1100 864 1170 fugatique.
903 1106 1272 1172 Tarquiniensis,
1307 1129 1396 1160 no-

102 1196 190 1229 vus
214 1180 351 1228 hostis
368 1217 381 1239 ,
403 1196 499 1227 non
524 1179 644 1226 stetit
673 1178 845 1240 solum,
865 1179 938 1227 sed
963 1182 1096 1228 etiam
1121 1181 1177 1229 ab
1197 1182 1274 1232 sua
1291 1196 1393 1250 par·

102 1265 147 1301 te
167 1255 426 1301 Romanum
452 1253 642 1317 pepulit.

168 1327 266 1375 VII.
298 1329 361 1374 Ita
383 1344 484 1374 cum
505 1337 753 1390 pugnatum
776 1325 907 1386 effet,
939 1337 1087 1374 tantus
1106 1340 1256 1376 terror
1273 1329 1394 1378 Tar-³

103 1403 311 1467 quinium
333 1414 466 1466 atque
487 1401 698 1449 Etruscos
720 1401 893 1449 inceffit
914 1438 927 1459 ‚
959 1415 1010 1450 ut
1024 1438 1038 1462 ,
1071 1404 1229 1452 omiffa
1264 1405 1394 1456 irrita

103 1493 179 1536 re,
215 1477 348 1523 nodie
381 1476 518 1523 ambo
556 1473 807 1533 exercitus,
838 1474 1002 1536 Vejens
1034 1476 1394 1542 Tarquiniensis-

103 1567 218 1614 que,
250 1549 346 1596 suas
379 1548 567 1613 quisque
592 1547 768 1595 abirent
787 1548 967 1599 domos,
999 1548 1233 1612 Adjiciunt
1259 1554 1397 1603 mira-

105 1624 207 1671 cula
228 1624 333 1671 huic
362 1639 552 1688 pugnae:
581 1622 758 1669 silentio
788 1623 1013 1686 proximae
1044 1626 1189 1674 noffis
1207 1645 1265 1675 ex
1285 1629 1395 1679 filva

107 1695 232 1746 Arsia
253 1697 479 1761 ingentem
504 1695 667 1742 editam
689 1711 882 1750 vocem;
903 1696 1072 1743 Silvani
1098 1715 1267 1749 vocem
1296 1714 1396 1751 eam

105 1771 349 1831 creditam3
385 1772 482 1819 haec
510 1771 655 1830 ἀὶᾶε,
685 1773 784 1817 Uno
796 1776 898 1833 plus
917 1774 1185 1834 Etruscorum
1215 1778 1397 1844 cecidiffi

106 1849 153 1892 in
177 1849 263 1892 acie
279 1861 295 1892 :
315 1850 471 1893 vincere
490 1847 593 1891 bello
610 1846 867 1891 Romanum.
898 1846 960 1892 Ita
982 1859 1102 1894 certe
1121 1848 1225 1895 inde
1243 1850 1396 1899 abiere

106 1920 327 1978 Romani,
348 1932 398 1967 ut
414 1920 636 1976 vi&ores;
659 1919 832 1967 Etrusci
849 1936 934 1983 pro
955 1919 1098 1969 vistis.
1117 1924 1259 1981 Nam,
1274 1926 1396 1988 post-

107 2009 244 2056 quam
274 1990 454 2051 illuxit,
486 2008 570 2039 nec
608 1990 838 2056 quisquam
869 1991 1067 2040 hostium
1092 1994 1141 2041 in
1174 1996 1398 2062 conspec-

104 2077 157 2113 tu
176 2068 352 2125 erat,P.
375 2063 584 2112 Valerius
604 2064 763 2112 consul
785 2064 926 2128 spolia
950 2064 1397 2134 legit‚triumphanss

106 2155 196 2205 que
231 2140 335 2186 inde
366 2140 561 2187 Romam
595 2136 742 2185 rediit.
797 2139 984 2203 collegae
1019 2139 1184 2201 funus,
1219 2159 1396 2207 quanto

107 2225 204 2260 tum
239 2212 389 2276 potuit
408 2224 619 2275 apparatu
640 2247 653 2270 ‚
678 2209 798 2258 fecit.
833 2209 906 2258 sed
932 2213 1078 2260 multo
1108 2211 1252 2276 majus
1272 2235 1395 2266 mor·

107 2287 144 2335 ti
175 2288 309 2334 decus
340 2287 520 2351 publica
549 2286 633 2334 fuit
658 2285 902 2346 moestitia,
934 2303 991 2333 eo
1018 2297 1121 2334 ante
1141 2289 1295 2337 onmia
1327 2293 1399 2338 in·-

106 2362 268 2426 fignss,
301 2362 404 2426 quia
434 2373 653 2409 matronae
684 2378 884 2419 annum,
916 2372 965 2407 ut
999 2374 1256 2424 parentem,
1293 2379 1398 2417 eum

107 2438 352 2496 luxerunt,
387 2437 512 2501 quod
539 2449 630 2484 tam
663 2452 765 2483 acer
796 2435 920 2482 ultor
952 2435 1136 2483 violatae
1168 2440 1399 2500 pudicitia:

107 2509 267 2559 fuiffet.
303 2509 496 2558 Consuli
537 2508 698 2558 deinde
719 2544 736 2571 ‚
762 2509 841 2574 qui
875 2507 1186 2573 superfuerat,
1219 2521 1268 2558 ut
1298 2509 1399 2563 sun'i:

1039 2583 1082 2628 G
1123 2598 1148 2627 λ
