1582 2793
269 155 1142 205 HISTORIARUMLIB.11.
1281 176 1364 225 125

73 264 164 312 utri
201 281 358 312 eorum
390 264 617 311 dedicatio
639 262 749 324 juss‘u
783 265 943 326 populi
967 266 1065 312 data
1097 265 1202 313 esset
1223 303 1236 325 ,
1268 285 1371 316 eum

75 338 256 402 praeeffe
289 355 514 395 annonae,
549 349 851 383 mercatorum
883 338 1126 400 collegium
1165 341 1371 388 institue·

76 429 159 470 re,
200 411 431 458 sollemnia
477 426 561 473 pro
598 408 817 472 pontifice
849 408 966 472 jussit
1003 412 1232 475 suscipere.
1282 418 1373 462 Po-

77 487 208 551 pulus
229 486 561 533 dedicationem
592 485 697 531 aedis
718 486 791 531 dat
813 487 874 531 M.
897 486 1096 532 Laetorio
1112 523 1126 545 ,
1149 490 1280 550 primi
1302 493 1372 554 pi·-

78 561 112 607 li
146 560 430 608 centurioni:
462 560 591 622 quod
619 559 749 605 saeile
777 570 1036 622 appareret,
1071 576 1167 606 non
1197 578 1284 608 tam
1318 564 1374 609 ad

81 633 310 683 honorem
335 631 455 694 ejus,
486 631 560 678 cui
586 633 761 678 curatio
792 630 925 678 altior
958 630 1134 714 fastigio
1163 632 1244 680 suo
1274 636 1371 681 data

78 707 211 766 esset,
232 705 425 764 factum,
445 724 576 770 quam
597 707 651 752 ad
674 705 950 753 consulum
940 707 1256 770 ignominiam.
1288 712 1374 755 Si-

81 781 182 828 vire
204 781 307 827 inde
329 780 482 843 utique
504 778 739 826 consulum
759 780 868 826 alter
887 779 1136 844 Patresque.
1177 780 1251 827 seu
1283 781 1374 844 ple—

82 855 130 903 bi
153 867 387 903 creverant
415 855 580 911 animi,
606 857 655 902 ὃ(
677 855 814 919 longe
842 855 926 902 alia
944 891 958 914 ,
985 872 1117 918 quam
1138 855 1288 919 primo
1308 855 1378 902 in·

85 928 343 986 stituerant,
373 928 447 975 via
474 891 790 991 grassabantur.
828 926 1078 990 Desperato
1110 928 1230 974 enim
1260 945 1378 976 con-

86 1003 230 1050 sulum
266 1001 526 1066 senatusque
561 1001 763 1060 auxilio,
798 1019 900 1049 cum
935 1002 982 1048 in
1018 1001 1087 1064 jus
1116 1003 1219 1049 duci
1247 1004 1378 1050 debi-

86 1089 235 1124 torem
264 1076 474 1126 vidifl'ent
493 1112 507 1134 ,
527 1075 728 1139 undique
756 1076 1086 1123 convolabant.
1130 1093 1277 1140 neque
1298 1078 1378 1124 de·-

88 1163 262 1198 cretum
296 1149 499 1197 exaudiri
527 1148 725 1195 consulis
760 1167 852 1212 prae
881 1148 1066 1212 strepitu
1095 1152 1144 1198 &
1179 1151 1378 1198 clamore

89 1233 296 1285 poterat:
329 1237 502 1283 neque,
526 1238 627 1268 cum
659 1222 898 1288 decreffet,
928 1221 1161 1286 quisquam
1196 1225 1379 1271 obtem-

88 1295 285 1364 perabatz
321 1294 380 1339 Vi
404 1295 644 1358 agebatur,
681 1294 911 1357 metusque
942 1296 1091 1343 omnis
1123 1299 1173 1345 ὅ(
1199 1298 1380 1361 pericu-

90 1368 185 1415 lum
216 1367 462 1425 libertatis,
502 1384 605 1414 cum
638 1367 684 1414 in
715 1367 958 1432 conspectu
990 1369 1187 1417 consulis
1223 1371 1381 1434 singuli

91 1458 118 1489 a
149 1440 356 1504 pluribus
378 1440 664 1488 violarentur
680 1478 695 1500 ‚
726 1441 773 1487 in
795 1442 1039 1489 creditores
1058 1460 1081 1489 a
1102 1442 1381 1490 debitoribus

93 1526 303 1562 verterat.
356 1515 496 1577 Super
529 1515 624 1562 haec
660 1515 798 1562 timor
834 1516 1006 1563 inceffit
1044 1517 1197 1564 Sabini
1239 1518 1381 1575 belli;

94 1582 362 1650 deleffitque
394 1587 608 1646 decreto,
642 1603 778 1634 nemo
819 1605 988 1635 nomen
1019 1590 1170 1648 dedit,
1207 1589 1382 1654 furente

94 1660 249 1723 Appio
266 1695 280 1717 ,
302 1661 352 1706 &
372 1659 610 1706 inseclante
640 1652 934 1709 ambitionem
959 1663 1143 1728 collegae
1163 1698 1177 1722 ,
1200 1665 1278 1728 qui
1298 1682 1383 1727 po-

95 1731 241 1797 pulari
256 1731 433 1778 silentio
449 1733 773 1796 rempublicam
791 1734 1024 1797 proderet,
1040 1737 1088 1782 &
1102 1737 1155 1782 ad
1172 1736 1216 1782 id
1229 1773 1242 1795 ,
1257 1738 1387 1800 quod

98 1808 152 1852 de
181 1805 347 1852 credita
377 1805 566 1867 pecunia
592 1805 662 1867 jus
695 1823 792 1864 non
821 1808 1024 1868 dixisset,
1059 1808 1271 1871 adjiceret
1290 1847 1302 1869 ,
1334 1823 1385 1858 ut

99 1896 155 1926 ne
195 1878 412 1924 delectum
447 1879 628 1943 quidem
663 1897 719 1926 ex
761 1880 1147 1929 senatusconsulto
1189 1885 1386 1934 haberet.

100 1956 203 2000 Non
235 1951 304 2016 eſje'
329 1968 467 1997 tamen
496 1953 689 2012 desertam
721 1958 893 2000 omnino
920 1959 1242 2016 rempublicam,
1263 1977 1387 2019 neque

93 2027 322 2089 projeHum
342 2025 553 2084 conficlare
581 2029 810 2086 imperium.
849 2030 901 2073 Se
919 2047 1047 2073 ustum
1070 2027 1112 2075 ὅ*
1130 2030 1222 2090 fita:
1240 2027 1282 2076 C}
1300 2032 1389 2076 Pa-

100 2117 208 2146 trum
227 2099 453 2167 majestatis
470 2102 675 2146 vindicem
685 2099 794 2159 fore.
813 2101 929 2146 Cum
951 2100 1256 2149 circumstaret
1271 2118 1389 2166 quo-

101 2172 271 2219 tidiana
289 2172 532 2219 multitudo
563 2173 743 2220 licentia
763 2173 972 2232 accensa,
996 2174 1133 2237 arripi
1159 2192 1298 2221 unum
1322 2174 1388 2220 in-

102 2245 271 2310 signem
300 2247 459 2294 ducem
481 2246 751 2294 seditionum
783 2245 916 2308 juffit.
945 2247 1023 2293 Ille
1042 2283 1058 2304 ,
1081 2264 1184 2294 cum
1212 2265 1236 2294 a
1256 2248 1390 2294 licto-

104 2320 226 2366 ribus
243 2319 332 2382 jam
352 2321 621 2380 traheretur,
643 2322 946 2385 provocavit:
973 2339 1056 2369 nec
1082 2322 1264 2368 cessiffet
1283 2338 1388 2385 pro-

106 2393 348 2440 vocationi
371 2394 527 2440 consul
543 2431 557 2453 ‚
579 2395 683 2459 quia
706 2412 802 2442 non
823 2396 1007 2442 dubium
1034 2408 1126 2441 erat
1145 2395 1306 2458 populi
1327 2394 1395 2456 ju·

107 2465 303 2529 dicium,
336 2467 417 2515 nisi
448 2484 564 2534 aegre
595 2468 711 2520 vich
738 2468 985 2533 pertinacia
1016 2466 1164 2528 foret,
1200 2467 1394 2516 consilio
