1582 2793
142 220 230 264 104
487 202 1048 252 T1T1L1v11

132 312 292 359 simum
309 328 475 375 pugnae
504 325 620 372 erat,
650 330 890 376 parumper
909 312 1127 361 sustinuit.
1160 311 1319 360 deinde
1336 314 1427 360 eos*

134 403 319 450 quoque
347 385 497 448 ipsosz,
536 388 699 450 exigua
736 400 856 449 parte
890 387 1043 450 pontis
1078 386 1257 444 relicta,
1285 401 1424 433 revo-

136 462 342 509 cantibus
359 498 373 517 ‚
405 462 484 524 qui
514 462 824 510 rescindebant
841 500 855 520 ‚
887 465 1042 510 cedere
1070 464 1116 511 in
1142 476 1287 510 tutum
1313 476 1426 508 coe-

138 536 215 600 git.
253 535 588 583 Circumferens
617 535 721 582 inde
751 549 899 583 truces
932 538 1167 585 minaciter
1189 537 1350 584 oculos
1370 532 1428 581 ad

139 626 352 673 proceres
385 607 708 667 Etruscorum,
744 627 866 656 nunc
902 609 1099 673 singulos
1134 623 1428 672 provocare,

140 702 263 730 nunc
293 684 524 744 increpare
557 699 744 741 omnes,
776 688 957 730 Servitia
976 703 1113 746 regum
1125 686 1426 745 superborum,

127 759 219 821 fica:
241 760 439 802 libertatis
468 759 721 801 immemores
738 792 752 814 ,
769 761 953 803 alienam
976 775 1259 819 oppugnatum
1280 761 1432 808 venire,

139 828 348 876 Cunctati
389 828 667 890 aliquamdiu
704 827 805 874 sunt
828 864 841 886 ,
882 829 989 874 dum
1028 829 1138 875 alius
1173 830 1308 876 alium
1329 867 1343 886 ,
1377 845 1431 880 ut

139 902 357 967 proelium
384 901 623 962 incipiant,
657 900 1038 965 circumspectant.
1090 903 1239 966 pudor
1269 905 1432 952 deinde

142 974 402 1022 commovit
427 974 600 1032 aciem,
622 975 697 1031 &‚
724 975 921 1022 clamore
941 977 1114 1024 sublato
1129 1013 1143 1035 ,
1163 979 1365 1042 undique
1382 981 1432 1027 in

141 1066 283 1097 unum
310 1048 485 1094 hostem
514 1048 601 1094 tela
623 1047 893 1110 conjiciunt.
930 1052 1049 1111 Quae
1076 1069 1178 1099 cum
1200 1051 1247 1098 in
1275 1052 1429 1114 objec-

141 1135 192 1170 to
216 1121 374 1168 cuncta
401 1120 528 1167 scuto
551 1120 795 1178 haesissent,
826 1138 975 1185 neque
1005 1123 1080 1170 ille
1107 1124 1255 1172 minus
1286 1125 1430 1172 obsti-

143 1206 275 1240 natus
303 1191 474 1256 ingenti
494 1205 682 1254 pontem
712 1193 940 1241 obtineret
969 1196 1139 1259 gradu3
1166 1196 1254 1258 jam
1284 1198 1433 1262 impe-

142 1279 194 1314 tu
216 1265 500 1313 conabantur
531 1266 765 1312 detrudere
786 1268 969 1315 virum:
1001 1287 1102 1316 cum
1122 1270 1249 1317 simul
1281 1270 1435 1335 fragor

140 1338 266 1400 rupti
299 1336 452 1400 pontis
479 1372 492 1394 ‚
526 1336 657 1383 simul
689 1339 861 1386 clamor
892 1341 1208 1389 Romanorum
1230 1379 1243 1401 ,
1275 1343 1440 1391 alacri-

143 1425 235 1459 tate
266 1410 450 1474 perfecti
471 1412 622 1474 operis
657 1411 882 1473 sublatus,
916 1432 1089 1477 pavore
1125 1416 1271 1463 subito
1291 1418 1438 1481 impe-

145 1499 242 1533 tum
265 1483 494 1538 sustinuit„
518 1485 639 1532 Tum
658 1488 848 1546 Cocles,
872 1491 1057 1536 Tiberine
1080 1507 1227 1552 pater,
1261 1490 1438 1554 inquit,

147 1578 184 1607 te
192 1560 335 1620 satzc‘le
348 1578 516 1620 precor,
536 1562 620 1606 lzaec
640 1580 759 1607 arma
778 1561 820 1609 ὃ*
836 1566 944 1609 lzzmc
964 1567 1136 1610 militem
1153 1568 1339 1626 propitio
1344 1567 1439 1630 flu-

148 1637 260 1679 mine
277 1636 478 1694 accipias.
511 1635 576 1679 lta
601 1633 662 1680 fic
693 1648 885 1682 armatus
924 1636 971 1682 in
1003 1637 1206 1683 Tiberim
1236 1638 1440 1685 desiluit:

150 1705 393 1767 multisque
412 1704 847 1767 superincidentibus
873 1708 971 1755 telis
1000 1708 1241 1757 incolumis
1262 1711 1318 1758 ad
1338 1710 1443 1757 suos

150 1780 352 1828 tranavit
370 1816 384 1838 ,
421 1796 516 1826 rem
544 1780 673 1827 ausus
701 1782 800 1844 plus
830 1782 958 1831 famae
986 1785 1235 1833 habituram
1270 1786 1325 1832 ad
1352 1803 1443 1849 po·-

152 1853 321 1910 steros,
351 1870 485 1916 quam
507 1851 626 1900 fidei.
647 1855 786 1902 Grata
805 1873 907 1920 erga
933 1870 1102 1904 tantam
1131 1857 1347 1904 virtutem
1378 1858 1444 1904 ci-

153 1927 270 1975 v'itas
303 1926 415 1974 fuit:
448 1926 588 1973 statua
619 1927 666 1973 in
687 1929 878 1976 comitio
898 1927 1040 1993 posita
1058 1967 1072 1989 ‚
1103 1930 1196 1994 agri
1223 1942 1441 1994 quantum

147 2019 249 2047 *uno
279 2000 349 2046 die
381 2000 727 2060 circumaravit,
758 2003 924 2050 datum.
955 2003 1134 2050 Privata
1160 2019 1347 2066 quoque
1374 2003 1444 2049 in·

156 2088 224 2121 ter
243 2074 450 2136 publicos
470 2075 669 2122 honores
687 2076 828 2123 studia
849 2078 1122 2124 eminebant.
1152 2094 1252 2123 nam
1270 2077 1317 2122 in
1333 2094 1446 2140 mag-

155 2166 213 2195 na
234 2148 390 2209 inopia
414 2165 499 2210 pro
529 2148 786 2197 domesticis
814 2151 962 2212 copiis
984 2149 1284 2213 unusquisque
1303 2148 1345 2196 ei
1360 2149 1444 2196 ali-

157 2221 299 2285 quid,
324 2219 533 2268 fraudans
558 2221 599 2267 se
621 2221 711 2284 ipse
732 2222 854 2269 victu
875 2221 955 2267 suo
972 2258 985 2280 ‚
1008 2220 1217 2268 contulit.

236 2295 316 2340 XI.
359 2293 578 2352 Porsena,
612 2295 761 2356 primo
794 2306 962 2341 conatu
990 2294 1220 2356 repulsus,
1249 2292 1448 2341 consiliis

157 2367 218 2414 ab
239 2366 542 2428 oppugnanda
567 2367 678 2412 urhe
706 2366 759 2412 ad
789 2366 1078 2412 obsidendam
1104 2367 1265 2423 versis,
1294 2366 1448 2429 praesi·

160 2441 240 2486 dio
268 2438 316 2484 in
343 2438 548 2486 Janiculo
580 2440 762 2496 locam,
796 2440 886 2501 ipse
915 2439 960 2486 in
987 2439 1123 2502 plano
1153 2440 1347 2502 ripisque
1367 2440 1449 2486 ‘Ii-

160 2514 280 2565 beris
302 2512 438 2561 castra
455 2512 633 2576 posuit3
661 2514 856 2561 navibus
881 2513 1080 2577 undicpie
1108 2511 1262 2560 accitis
1278 2546 1293 2570 ,
1325 2513 1376 2559 &
1394 2511 1450 2562 ad
