1582 2793
196 147 283 195 116
539 146 1108 193 T1T1L1V11

187 267 260 303 tus
293 254 493 302 ferocem
511 254 729 318 juvenem
750 254 1085 319 Tarquinium,
1112 252 1411 301 ostentantem
1435 254 1480 302 se

191 329 239 374 in
270 330 414 391 prima
435 328 636 375 exsulum
657 328 752 375 acie
770 364 782 383 ‚
810 328 1054 376 domestica
1086 329 1218 375 etiam
1239 328 1382 391 gioria
1404 346 1482 376 ac-

189 401 347 449 census
365 439 378 460 ‚
401 415 479 460 ut,
507 400 631 462 cujus
660 400 838 446 familiae
870 402 1004 448 decus
1035 401 1161 462 ejecii
1185 417 1307 464 reges
1328 414 1480 459 erant,

190 474 385 536 ejusdem
413 474 633 521 interfeffi
655 472 836 528 forent,
866 473 1011 519 subdit
1047 474 1234 521 calcaria
1261 491 1411 537 equo,
1430 477 1483 523 &

190 549 489 611 Tarquinium
526 546 687 593 infesto
727 545 1068 609 spiculowpetit.
1103 548 1378 611 Tarquinius
1410 565 1484 594 re·-

192 634 268 670 tro
302 623 350 668 in
381 617 540 686 agmen
579 619 761 665 suorum
799 618 976 665 infenso
1013 619 1133 666 ceffi't
1165 621 1302 668 hosti„
1346 622 1484 668 Vale-

191 698 334 754 rium5
353 709 517 742 temere
535 693 762 740 invectum
781 693 828 737 in
852 692 1054 739 exsulum
1076 693 1214 739 aciem
1233 729 1246 751 ‚
1266 710 1321 738 ex
1341 693 1484 740 trans-

195 770 330 818 verso
374 768 554 832 quidam
596 767 783 813 adortus
818 765 1036 829 transfigit
1059 783 1069 811 :
1116 782 1198 813 nec
1240 766 1486 830 quidquam

192 843 357 905 equitis
388 842 576 887 vulnere
611 851 731 903 equo
766 839 990 885 retardato
1012 875 1024 896 ‚
1057 839 1357 886 moribundus
1383 840 1486 885 Ro-

194 931 380 972 manus,
413 913 662 959 labentibus
691 911 821 974 super
852 927 1018 974 corpus
1046 911 1210 970 armis,
1240 911 1295 957 ad
1320 925 1486 959 terram

194 990 402 1042 defluxin
440 988 651 1035 Diciator
684 985 973 1042 Postumius,
1010 985 1246 1050 postquam
1282 986 1486 1033 cecidisse

191 1063 329 1108 talem
365 1062 545 1117 virum,
580 1058 754 1105 exsules
790 1056 1004 1104 ferociter
1033 1057 1170 1104 citato
1205 1058 1383 1124 agmine
1411 1058 1486 1104 in-

194 1135 334 1193 vehi,
369 1134 469 1180 suos
499 1130 728 1196 perculsos
759 1132 913 1178 cedere
936 1130 1284 1187 animadvertit3
1318 1131 1486 1178 cohor·

192 1210 228 1257 ti
265 1209 350 1256 suae
371 1245 384 1267 ς
413 1225 546 1271 quam
581 1206 794 1253 deleciam
823 1222 1005 1252 manum
1035 1206 1225 1268 praefidii
1250 1205 1375 1253 causa
1396 1206 1488 1253 cir·-

193 1300 246 1330 ca
269 1283 310 1328 se
331 1281 551 1338 habebam
589 1280 662 1327 dat
696 1279 897 1344 signum,
929 1293 1006 1337 ut,
1039 1296 1175 1343 quem
1206 1279 1387 1326 suorum
1412 1280 1487 1328 fu-

194 1358 392 1422 gientem
421 1355 642 1414 viderint,
667 1370 751 1417 pro
774 1353 900 1400 hoste
922 1354 1130 1401 habeant.
1167 1354 1230 1401 ita
1254 1366 1378 1401 metu
1405 1372 1486 1401 an-

194 1431 323 1495 cipiti
350 1429 465 1477 verfi
489 1447 513 1476 a
538 1428 643 1492 fuga
670 1428 867 1475 Romani
899 1427 947 1473 in
978 1428 1153 1473 hostem
1170 1463 1184 1486 ‚
1213 1429 1265 1475 ὅ(
1284 1427 1486 1477 restituta

197 1523 329 1554 acies.
348 1505 532 1551 Cohors
550 1503 778 1550 dictatoris
794 1515 893 1548 tum
910 1501 1105 1564 primum
1123 1502 1338 1565 proelium
1367 1501 1484 1550 iniit.

197 1580 384 1644 integris
420 1579 692 1642 corporibus
723 1577 971 1641 animisque
1009 1576 1141 1623 feffos
1175 1578 1325 1625 adorti
1354 1578 1488 1626 exsu-

197 1654 262 1701 les
295 1654 486 1701 caedunt.
522 1652 588 1698 Ibi
620 1651 705 1698 alia
733 1651 853 1698 inter
885 1667 1096 1714 proceres
1127 1663 1288 1698 coorta
1320 1667 1486 1715 pugna.

197 1730 449 1789 Imperator
479 1724 688 1782 Latinuss,
726 1723 805 1770 ubi
834 1725 1073 1771 cohortem
1100 1722 1300 1769 exsulum
1328 1740 1353 1769 a
1388 1724 1488 1771 dic-

200 1813 347 1848 tatore
372 1801 582 1845 Romano
601 1813 742 1859 prope
762 1796 1122 1844 circumventam
1142 1795 1258 1843 vidit
1273 1831 1287 1854 ,
1312 1812 1367 1842 ex
1389 1795 1488 1842 suh-

201 1873 388 1922 sidiariis
419 1871 675 1933 manipulos
694 1870 870 1934 aliquot
891 1870 938 1916 in
956 1869 1146 1932 primam
1175 1868 1315 1915 aciem
1336 1868 1488 1916 secum

200 1946 331 2008 rapit.
368 1945 451 1990 hos
483 1942 656 2006 agmine
690 1943 924 1991 venientes
946 1943 1002 1988 T.
1029 1939 1287 1988 Herminius
1320 1940 1490 2004 legatus

204 2017 488 2080 conspicatus
507 2053 519 2074 ‚
548 2016 754 2080 interque
781 2031 860 2061 eos
887 2013 1102 2077 infignem
1121 2012 1241 2061 veste
1270 2013 1489 2076 armisque

204 2091 459 2141 Mamilium
492 2091 717 2136 noscitans
731 2125 745 2148 ‚
777 2101 905 2135 tanto
926 2088 976 2134 vi
1004 2085 1172 2148 majore
1188 2121 1202 2144 ,
1223 2103 1355 2149 quam
1377 2104 1490 2149 pau-

204 2165 254 2213 lo
276 2176 378 2210 ante
407 2162 612 2226 magister
636 2162 836 2225 equitum
853 2196 867 2219 ,
892 2176 994 2206 cum
1016 2158 1208 2205 hostium
1229 2160 1344 2206 duce
1367 2176 1490 2222 proe·

205 2238 316 2286 lium
342 2236 471 2292 iniit,
505 2248 552 2281 ut
579 2237 628 2281 &
648 2251 742 2281 uno
768 2235 857 2281 iun
882 2230 1146 2278 transfixum
1171 2248 1248 2293 per
1274 2230 1389 2278 latus
1407 2248 1492 2278 oc·-
1558 2262 1574 2265 -

208 2310 369 2361 ciderit
398 2308 650 2355 Mamilium
671 2343 684 2366 ‚
716 2310 765 2354 &
803 2305 891 2369 ipse
923 2308 1039 2352 inter
1071 2305 1354 2369 spoliandum
1389 2321 1491 2352 cor·

206 2402 294 2449 pus
318 2382 453 2430 hostis
482 2393 647 2429 veruto
681 2379 934 2444 penufius,
968 2397 1071 2425 cum
1104 2379 1252 2425 νἰἃοι·
1277 2378 1323 2424 in
1355 2379 1494 2425 castra

207 2460 315 2510 esset
337 2457 530 2518 relatUS,
557 2455 675 2506 inter
705 2455 897 2517 primam
932 2453 1217 2504 curationem
1234 2450 1494 2515 exspiraveff
