1582 2793
320 142 939 193 HISTORIARUM
978 143 1117 190 LIB.
1157 144 1190 189 1.
1387 154 1418 202 7

125 271 214 318 pue
229 253 274 300 in
295 253 563 318 cognitione
581 268 730 298 rerum
748 249 921 297 salubre
939 267 989 297 ac
1009 249 1271 314 frugiferum
1285 287 1298 309 ,
1316 266 1418 297 orn-

126 329 196 376 nis
229 341 274 374 te
304 327 499 389 exempli
521 326 794 373 documenta
824 324 871 371 in
895 324 1054 371 illustri
1077 326 1219 387 posita
1247 341 1418 372 monu-

127 413 283 449 mento
306 400 496 447 intueri:
531 399 636 446 inde
663 400 746 445 tibi
772 411 955 462 tuaeque
981 397 1266 460 reipublicae,
1289 396 1419 461 quod

127 474 300 521 imitere
316 510 331 532 ‚
349 472 516 537 capias:
544 472 649 519 inde
663 509 676 530 ,
696 471 872 518 foedum
891 471 1101 533 inceptu,
1123 468 1297 517 foedum
1318 470 1419 516 exi-

127 562 174 596 tu
191 587 205 607 ‚
225 550 352 613 quod
372 550 503 597 vites.
539 549 752 596 Ceterum
772 559 847 593 aut
877 562 949 593 me
979 561 1108 592 amor
1135 544 1310 607 negotii
1344 543 1418 590 su-

126 621 263 684 scepti
297 620 437 679 fallit,
464 634 539 667 aut
566 620 688 666 nulla
721 636 918 682 unquam
942 617 1191 681 respublica
1219 633 1301 664 nec
1321 634 1420 662 ma-

125 693 199 756 jor
218 730 232 752 ‚
268 711 351 742 nec
383 694 602 751 sanfflor,
633 709 717 739 nec
747 691 880 738 bonis
906 690 1126 754 exemplis
1147 688 1286 737 ditior
1305 689 1418 736 fuit:

126 782 210 812 nec
242 765 290 812 in
319 782 454 829 quam
480 765 713 812 civitatem
736 775 827 810 tam
853 763 959 811 serae
989 763 1182 811 avaritia
1213 761 1418 808 luxuria-

124 855 214 903 que
232 839 612 904 immigraverint:
638 854 722 885 nec
750 838 829 884 ubi
850 852 997 885 tantus
1026 855 1077 886 ac
1097 850 1189 884 tam
1210 836 1284 883 diu
1304 852 1418 899 pau·-

118 911 289 974 pertati
315 928 366 958 ac
390 909 673 974 parfimoniae
696 911 849 957 honos
881 909 1028 958 fuerit.
1070 911 1184 957 adeo
1202 946 1216 968 ,
1243 921 1418 973 quanto

123 1000 276 1030 rerum
297 984 474 1042 minus,
505 996 634 1030 tanto
656 983 804 1030 minus
831 982 1083 1046 cupiditatis
1113 994 1221 1029 erat.
1258 982 1418 1044 Nuper

125 1055 302 1102 divitiae
328 1056 593 1114 avaritiam,
630 1056 680 1104 &
711 1056 987 1104 abundantes
1019 1057 1282 1120 voluptates
1305 1056 1420 1103 defi-

125 1129 299 1176 derium
329 1146 411 1193 per
440 1130 598 1176 luxum
630 1142 764 1193 atque
797 1130 1031 1178 libidinem
1065 1130 1285 1194 pereundi
1313 1147 1419 1193 per-

125 1203 353 1267 dendique
371 1203 526 1250 omnia
545 1204 778 1251 invexere.
798 1205 883 1251 Sed
900 1205 1117 1268 querelae,
1131 1220 1188 1250 ne
1206 1215 1302 1249 tum
1320 1202 1420 1265 qui-

124 1275 227 1322 dem
246 1287 382 1340 gratae
397 1276 577 1336 futurae,
598 1294 702 1324 cum
726 1277 910 1323 forsitan
931 1280 980 1326 &
997 1276 1247 1324 necessariae
1267 1288 1420 1333 erunt,

126 1350 182 1396 ab
203 1349 337 1396 initio
361 1363 482 1398 certe
502 1362 638 1398 tantae
659 1352 893 1398 ordiendae
920 1352 983 1397 rei
1001 1351 1158 1398 abfint.
1188 1351 1310 1398 Cum
1330 1351 1421 1397 bo·-

126 1420 196 1470 nis
211 1423 365 1485 potius
382 1423 612 1472 ominibus
630 1423 844 1489 votisque
860 1442 911 1472 ac
931 1424 1272 1489 precationibus
1289 1424 1420 1471 Deo-

123 1510 227 1541 rum
246 1494 565 1559 Dearumque,
588 1496 619 1542 fi
636 1532 650 1556 ,
679 1509 729 1542 ut
750 1498 927 1560 poetis,
955 1498 1089 1546 nobis
1109 1514 1295 1562 quoque
1317 1513 1420 1545 mos

121 1565 254 1623 effet,
287 1565 540 1614 libentius
527 1568 860 1630 inciperemus,
893 1584 944 1617 ut
973 1570 1083 1618 orfis
1115 1570 1229 1618 tanti
1263 1569 1419 1634 operis

125 1637 340 1688 successus
359 1638 600 1704 prosperos
624 1641 795 1693 darent.
955 1658 981 1677 ⁴²

458 1869 934 1938 LIBER
1037 1872 1084 1940 Ι.

125 2082 157 2126 Ι.
200 2013 262 2131 J
267 2091 354 2125 AM
376 2079 573 2142 primum
593 2079 800 2128 omniurn
814 2079 916 2129 satis
935 2079 1134 2139 constat,
1151 2080 1296 2143 Troja
1320 2100 1423 2147 cap-

126 2166 188 2211 ta,
207 2152 254 2200 in
267 2166 442 2201 ceteros
462 2153 668 2202 saevitum
690 2155 775 2202 effe
786 2155 1046 2217 Trojanos3
1067 2154 1265 2215 duobuS,
1281 2159 1424 2205 AEnea

128 2227 477 2290 Antenoreque‚
504 2229 553 2274 &
583 2227 747 2274 vetusti
777 2227 872 2289 jure
893 2227 1101 2291 hospitii,
1132 2229 1181 2275 &
1201 2228 1309 2291 quia
1338 2247 1423 2292 pa-

128 2298 192 2345 cis
216 2298 544 2362 reddendaeque
565 2300 750 2347 Helenae
776 2300 947 2363 semper
976 2300 1181 2347 auflores
1214 2300 1391 2348 fuerant
1408 2337 1421 2359 ‚

128 2386 267 2416 omne
287 2368 357 2431 jus
386 2370 491 2417 belli
512 2372 720 2420 Achivos
743 2373 1009 2421 abstinuisse.
1040 2373 1228 2420 Casibus
1255 2374 1419 2422 deinde

128 2442 267 2490 variis
287 2445 566 2492 Antenorem
585 2462 691 2494 cum
716 2447 1001 2495 multitudine
1025 2447 1254 2493 Henetum
1273 2482 1286 2505 ‚
1321 2446 1429 2511 qui,

1072 2521 1176 2580 A4
