1680 2803
373 151 496 195 DE
562 147 609 194 T.
662 150 696 192 L
730 151 757 194 I
790 152 891 194 VI
929 150 987 196 0.·
1195 163 1362 199 Lxxxx

66 249 218 301 didior
247 235 299 298 sit
327 251 449 298 Flori
484 254 534 300 δε
564 251 730 315 Velleji
766 252 890 299 libris
909 291 922 308 ,
955 253 1111 317 resque
1143 247 1364 320 exprimat

67 325 265 389 propriis
288 328 336 372 &
362 325 748 372 convenientibus
776 327 927 373 verbis
947 363 960 382 ,
981 328 1142 390 absque
1174 330 1281 377 fuco
1313 335 1365 380 &

68 398 278 461 argutiis,
299 397 461 461 quibus
482 415 578 444 non
601 397 699 446 satis
722 411 910 462 uterque
933 398 1117 445 illorum
1140 402 1367 450 abstinue-

67 472 154 528 rit,
188 489 212 518 e
240 472 435 534 quibus,
468 472 719 534 periculum
752 472 832 530 fit,
863 489 917 518 ne
947 489 1194 535 puerorum
1227 477 1367 525 animi

68 541 301 588 fallacibus
332 542 420 589 illis
455 544 506 589 &
537 543 802 590 meretriciis
831 543 1053 590 orationis
1086 548 1368 596 ornamentis

64 632 92 661 a
116 615 311 662 nervosa
329 618 377 663 δε
398 616 522 663 civili
546 615 766 662 scribendi
790 616 1115 665 consuetudine
1137 619 1370 667 abducan-

66 700 152 736 tur.
191 690 411 736 Praeterea
441 692 658 736 Jolzannes
687 691 882 755 sanstus,
913 691 1202 739 consulturus
1232 692 1370 754 juve-

66 781 176 810 num
210 763 511 824 studiosorum
541 763 769 826 tempori,
790 781 989 828 quorum
1014 766 1217 830 plerique
1246 769 1370 816 mole

65 836 190 884 Livii
223 836 455 893 deterriti,
483 836 598 884 ultra
632 836 822 899 primam
854 838 1064 885 decadem
1102 839 1221 886 haud
1257 858 1371 903 pro-

64 909 358 972 grediuntur,
375 923 506 973 atque
528 910 642 957 adeo
666 910 872 958 delibatis
901 912 1044 959 modo
1071 914 1371 965 adolescentis

65 983 228 1047 populi
247 984 444 1030 Romani
463 984 596 1031 rebus
614 1020 628 1043 ,
650 997 875 1032 maturum
896 986 1038 1033 adulti
1058 987 1254 1049 ejusdem
1284 1009 1372 1055 po-

64 1056 162 1118 puli
191 1056 401 1125 vigorem
439 1056 657 1104 intactum
692 1058 986 1124 relinquunt,
1019 1066 1246 1124 Epitomen
1279 1083 1372 1113 no-

66 1145 175 1175 vam
202 1131 376 1197 lzistorz'ae
403 1132 530 1177 Rom.
556 1134 684 1177 tocius
703 1135 846 1189 Livii,
868 1133 1021 1181 verbis
1048 1134 1142 1197 ejus
1172 1150 1372 1186 contex-

65 1213 157 1249 tam
178 1237 192 1260 ,
226 1220 373 1266 neque
407 1203 553 1250 multo
593 1205 879 1268 grandiorem
921 1225 1010 1255 una
1044 1210 1167 1258 Livii
1205 1212 1373 1261 decade

68 1273 352 1337 composuit,
378 1274 690 1339 inscripfitque
715 1278 762 1322 T.
784 1280 899 1324 Livii
922 1281 1129 1327 Patavini
1154 1285 1372 1350 Historia-

67 1366 159 1393 rum
189 1365 336 1408 corpus
363 1351 633 1405 concinnius,
659 1364 715 1393 ex
745 1351 1000 1413 Gymnafio
1027 1353 1337 1403 Dordraceno
1352 1391 1372 1413 ‚

68 1420 195 1484 typis
229 1420 412 1467 Bramiis
444 1421 711 1482 luculentis,
739 1440 861 1470 anno
902 1441 1035 1487 1711.
1069 1426 1112 1473 8.
1155 1429 1372 1476 Ceterum

69 1494 253 1542 Livium
282 1493 427 1556 ipsum
452 1495 670 1543 evolvere
698 1496 985 1558 cupientibus
1017 1498 1106 1546 hoc
1145 1516 1371 1564 compen-

71 1568 150 1614 dio
178 1566 257 1613 suo
286 1567 546 1632 neutiquam
576 1585 600 1615 e
633 1569 841 1617 manibus
865 1583 1076 1618 excutere
1104 1574 1256 1622 voluit
1282 1575 1374 1622 sso-

71 1641 366 1687 rentiffimum
406 1640 700 1704 scriptorem,
722 1643 794 1689 sed
823 1656 999 1690 tantum
1030 1645 1114 1703 iis,
1138 1647 1219 1710 qui
1248 1665 1371 1712 mag-

71 1715 277 1762 nitudine
298 1714 450 1778 operis
471 1717 701 1763 removeri
723 1716 763 1763 se
784 1717 839 1764 ab
861 1716 955 1778 ejus
977 1718 1171 1766 lectione
1191 1722 1374 1784 patiun-

71 1800 171 1845 tur,
191 1786 453 1834 succurrere
470 1824 484 1847 ,
506 1801 556 1835 ut
582 1789 826 1836 Historiam
847 1793 1103 1839 Romanam
1131 1793 1373 1843 Livianam

71 1872 216 1908 totam
238 1861 353 1906 intra
376 1861 561 1909 brevius
581 1861 770 1925 spatium
791 1862 1027 1912 absolvere
1049 1865 1230 1927 possint.
1263 1867 1375 1930 Spe-

72 1935 190 1982 ciem
214 1934 293 1981 ista
315 1935 492 1982 habent.
525 1936 623 1995 Qui
651 1935 850 1983 historiae
878 1938 1014 1984 Rom.
1047 1940 1373 2001 compendium

70 2008 335 2073 requirant,
358 2009 411 2055 iis
433 2025 547 2055 vero
571 2009 631 2055 ita
657 2008 832 2055 consuli
858 2011 1020 2074 poffit:
1054 2028 1139 2059 nec
1165 2013 1219 2059 ad
1248 2015 1374 2060 noti-

71 2081 179 2128 tiam
199 2081 450 2145 generalem
470 2081 666 2128 historiae
686 2084 820 2130 Rom.
839 2083 1026 2130 Liviana
1042 2084 1235 2132 leffione
1257 2102 1376 2150 opus

71 2157 138 2204 fit.
165 2157 260 2217 Qui
281 2169 430 2203 autem
449 2156 629 2205 Livium
649 2157 929 2222 cognoscere
948 2158 1119 2217 velint,
1139 2159 1191 2206 iis
1208 2160 1375 2208 talibus

74 2230 238 2278 libellis
272 2246 369 2276 non
402 2229 651 2277 consulitur
678 2246 688 2274 :
723 2233 772 2277 δε
805 2231 988 2293 possunt
1023 2231 1157 2278 etiam
1184 2233 1376 2294 juvenes

73 2304 258 2368 longius
291 2306 505 2369 progredi
539 2306 584 2352 in
616 2305 754 2353 Livio
791 2305 1142 2371 cognoscendo,
1171 2308 1202 2353 fi
1235 2309 1376 2354 modo

73 2393 183 2424 vera
213 2377 329 2422 ratio
367 2377 414 2423 in
449 2394 506 2424 eo
542 2378 772 2424 tractando
801 2379 848 2424 in
880 2377 1042 2425 scholis
1081 2378 1377 2434 adhibeatur,
1418 2414 1421 2418 ,

75 2450 130 2497 de
156 2466 245 2513 qua
271 2449 495 2497 videndus
517 2451 740 2500 Gesnerus
764 2451 811 2498 in
838 2450 1116 2515 praefatione*
1139 2467 1214 2510 ea,
1240 2466 1377 2513 quam

143 2525 193 2569 T.
216 2525 310 2571 La.
333 2529 432 2572 Vol.
450 2527 490 2573 J.
1104 2522 1131 2568 f
