1582 2793
154 188 245 220 202
503 173 1081 222 T1T1L1V11

151 285 314 328 colendi
340 286 449 329 velut
477 285 721 330 hereditaria
742 304 839 332 cura
858 286 948 351 sthi
967 305 993 331 a
1019 285 1254 343 majoribus
1283 291 1441 334 tradita

149 354 239 419 estet
254 391 266 413 ,
286 360 505 402 concilium
527 360 665 418 plebis
686 377 771 403 non
790 362 1096 419 impedituram.
1121 360 1255 407 Hunc
1281 361 1443 407 ducem

149 428 288 475 secuti
305 465 318 487 9
342 428 643 492 nequidquam
664 431 1009 478 reclamantibus
1039 431 1230 480 tribunis
1248 467 1262 489 ,
1281 432 1328 479 in
1357 432 1446 479 cli:-

149 518 260 548 vum
278 502 592 564 Capitolinum
620 504 801 567 erigunt
817 503 972 550 aciem.
1002 503 1257 569 adjungitur
1274 507 1324 552 δέ
1342 508 1443 553 Tu-

147 574 322 621 sculana
352 574 488 638 legio.
528 589 697 621 certare
730 575 840 622 socii
867 574 1104 638 civesque,
1135 577 1226 624 utri
1255 594 1440 641 recupe-

146 661 256 695 ratae
287 649 399 695 arcis
437 648 562 695 suum
591 649 726 695 decus
754 647 966 695 facerent.
1003 649 1095 695 dux
1127 661 1317 713 uterque
1338 651 1441 697 suos

146 721 425 768 adhortatur.
487 720 732 783 Trepidare
763 716 1076 778 turn'hoste53
1111 739 1193 769 nec
1226 722 1305 769 ulli
1341 723 1442 770 satis

144 794 239 853 rei,
271 806 571 857 praeterquam
601 794 737 853 loco,
767 793 917 842 fidere.
963 797 1292 859 trepidantibus
1321 798 1442 844 infe-

142 880 249 915 runt
269 867 391 931 signa
410 866 606 913 Romani
628 866 846 931 sociique.
865 869 958 915 Jam
979 868 1026 914 in
1044 868 1315 917 vestibulum
1331 887 1440 933 per-

141 953 355 1006 ruperant
390 941 576 1004 templi,
600 959 701 988 cum
734 944 781 989 P.
808 943 1012 990 Valerius
1026 972 1045 1001 ,ι
1070 944 1188 990 inter
1213 944 1439 1007 primores

142 1032 342 1079 pugnam
372 1013 524 1073 ciens,
545 1013 824 1063 interficitur.
857 1018 903 1063 P.
926 1017 1203 1066 Volumnius
1231 1017 1438 1066 consula-

144 1090 203 1136 ris
218 1088 336 1137 vidit
357 1088 606 1136 cadentem.
642 1089 677 1135 is
694 1127 706 1146 ‚
728 1090 832 1137 dato
854 1092 1043 1155 negotio
1066 1091 1173 1151 suis,
1195 1105 1244 1138 ut
1270 1109 1438 1156 corpus

142 1163 436 1226 obtegerent,
463 1161 555 1224 ipse
585 1162 632 1208 in
660 1163 814 1210 locum
835 1166 1078 1228 vicemque
1105 1165 1302 1213 consulis
1327 1183 1438 1229 pro-

141 1236 284 1284 volat.
319 1237 415 1282 Prae
440 1236 603 1282 ardore
633 1237 896 1302 impetuque
924 1251 1061 1286 tantae
1080 1239 1145 1287 rei
1169 1239 1314 1289 sensus
1336 1258 1435 1288 non

139 1310 351 1375 pervenit
378 1310 435 1357 ad
462 1310 652 1357 militem
673 1327 682 1355 :
714 1312 840 1374 prius
873 1312 1012 1370 vicit,
1037 1332 1174 1378 quam
1196 1314 1239 1362 se
1259 1333 1435 1380 pugna-

139 1401 190 1430 re
210 1383 302 1429 fine
331 1384 444 1430 duce
464 1382 660 1430 sentiret.
698 1384 834 1430 Multi
863 1385 1067 1432 exsulum
1095 1388 1217 1434 caede
1241 1387 1316 1435 sua
1344 1387 1436 1435 foe-

139 1457 307 1503 davere
337 1455 589 1518 templum3
613 1456 743 1503 multi
771 1457 867 1507 vivi
898 1460 1046 1521 capti3
1073 1459 1333 1507 Herdonius
1360 1461 1436 1508 in-

138 1528 364 1577 terfeEtus.
404 1531 468 1576 Ita
496 1529 780 1592 Capitolium
809 1545 1136 1596 recuperatum.
1178 1535 1253 1583 De
1287 1535 1434 1597 capti-³

139 1602 241 1660 vis,
268 1616 318 1649 ut
346 1601 533 1666 quisque
566 1603 679 1650 liber
709 1616 785 1650 aut
816 1603 980 1653 servus
1000 1607 1134 1662 effet,
1162 1606 1251 1653 suae
1282 1607 1434 1654 fortu-

139 1693 210 1722 nae
239 1693 264 1723 a
299 1692 485 1740 quoque
520 1675 712 1725 sumtum
741 1677 1008 1741 supplicium
1041 1679 1117 1726 est.
1166 1679 1437 1728 Tusculanis

139 1750 294 1813 gratiae
315 1751 420 1797 3&ae
440 1769 451 1798 :
477 1751 757 1815 Capitolium
775 1767 1011 1818 purgatum
1035 1767 1167 1817 atque
1187 1753 1434 1801 lustratum.

139 1825 190 1869 In
226 1822 424 1871 consulis
458 1824 646 1872 domum
684 1826 836 1890 plebes
869 1828 1169 1890 quadrantes,
1193 1840 1244 1875 ut
1272 1828 1432 1878 funere

139 1898 360 1960 ampliore
390 1898 622 1946 efferretur
640 1936 653 1958 ‚
672 1898 843 1962 jactasse
863 1900 1017 1949 fertur.

203 1974 329 2020 XIX.
365 1975 478 2022 Pace
511 1986 663 2038 parta,
686 1976 846 2023 instare
870 1991 964 2025 tum
990 1978 1164 2025 tribuni
1193 1979 1396 2026 Patribus
1413 2013 1434 2036 ,

141 2062 187 2092 ut
214 2050 268 2092 P.
291 2051 452 2093 Valerii
466 2050 599 2108 fidem
625 2051 879 2111 exsolverent
897 2066 912 2093 .·
947 2050 1108 2098 instare
1132 2050 1328 2099 Claudio
1349 2087 1362 2108 ‚
1385 2067 1435 2097 ut

140 2123 300 2181 collegae
321 2122 442 2165 Deos
473 2141 616 2168 manes
633 2122 789 2182 fraude
819 2126 1029 2180 liberaret,
1050 2127 1123 2186 agi
1152 2127 1200 2170 de
1220 2125 1432 2190 legestlze-

140 2208 207 2238 ret.
248 2192 450 2247 Consul,
471 2212 690 2256 antequam
725 2201 920 2259 collegam
935 2198 1025 2262 sthi
1039 2197 1301 2260 subrogafflt
1318 2233 1331 2254 ‚
1354 2214 1434 2244 ne·

140 2282 243 2329 gare
258 2302 272 2324 ‚
291 2265 505 2332 pasturum
526 2273 599 2330 agi
617 2274 664 2316 de
681 2275 775 2331 lege.
803 2271 883 2316 Hae
901 2282 1085 2318 tenuere
1106 2271 1430 2318 contentiones

137 2341 276 2403 usque
311 2342 366 2388 ad
401 2343 583 2389 comitia
618 2344 814 2391 consulis
851 2344 1137 2410 subrogandi.
1181 2344 1429 2393 Decembri

138 2416 286 2461 mense
306 2453 320 2473 ,
343 2415 515 2462 summo
548 2418 728 2463 Parrum
762 2418 938 2475 studio,
971 2421 1018 2466 L.
1040 2419 1279 2480 Quinftius
1311 2419 1430 2465 Cin-

140 2488 376 2549 cinnatus,
410 2507 534 2554 pater
561 2489 791 2552 Caesonis,
816 2492 973 2545 consul
1007 2507 1207 2556 creatur,
1229 2494 1307 2560 qui
1328 2511 1427 2543 ma-
