1582 2793
279 183 892 230 HlSTORlARUM
942 184 1071 229 LIB.
1113 185 1144 230 1.
1313 195 1367 241 43

84 292 273 342 fluentes
304 291 504 341 collocat
546 290 699 338 castra.
738 292 858 336 Inter
892 306 996 336 eum
1029 289 1184 337 locum
1216 290 1267 336 &
1298 289 1370 335 Fi-

83 368 218 413 denas
235 365 494 427 Vejentium
516 364 738 413 exercitus
753 363 958 410 Tiberim
981 365 1222 410 transierat.
1246 364 1302 409 Hi
1325 366 1375 410 ὅ(

84 441 131 487 in
158 440 253 486 acie
285 455 429 501 prope
460 437 630 484 flumen
661 450 842 484 tenuere
873 437 1079 483 dextrum
1115 455 1287 484 cornu:
1329 437 1375 483 in

85 512 261 560 sinistro
281 511 514 558 Fidenates
537 510 728 573 propius
758 521 935 556 montes
965 509 1227 556 consistunt.
1263 510 1377 555 Tul-

87 586 157 632 lus
187 583 398 632 adversus
423 582 663 645 Vejentem
693 582 866 630 hostem
899 582 1051 646 dirigit
1076 582 1204 628 suos:
1240 583 1378 628 Alba-

87 673 172 704 nos
217 671 377 704 contra
409 656 635 720 legionem
668 655 948 703 Fidenatium
983 654 1199 702 collocat.
1237 656 1376 701 Alba—

86 747 150 777 no
182 746 277 777 non
307 730 408 794 plus
432 729 571 776 animi
601 741 723 785 erat,
759 745 894 792 quam
922 726 1040 775 fidei.
1079 744 1162 775 nec
1200 745 1379 774 maneae

87 820 226 866 ergo,
260 819 345 849 nec
375 802 559 848 transire
588 813 739 862 aperte
773 800 898 847 ausus
919 837 931 857 ‚
962 800 1120 847 sensim
1155 800 1208 847 ad
1242 817 1379 847 mon-

87 890 151 924 tes
171 875 378 924 succedit.
418 876 525 922 Inde
544 911 557 933 ,
591 874 669 920 ubi
699 874 799 921 satis
833 874 990 921 subisse
1020 874 1107 921 sese
1137 889 1258 921 ratus
1287 873 1378 930 est,

86 952 218 1016 erigit
250 963 396 999 totam
425 950 565 997 aciem
580 967 597 1014 ¹3
633 948 936 1011 fluctuansque
966 949 1148 1006 animo,
1178 964 1229 994 ut
1260 961 1379 994 tere-

86 1037 154 1072 ret
182 1038 385 1088 tempus‚
411 1023 593 1069 ordines
619 1022 825 1085 explicat.
862 1021 1118 1070 Consilium
1140 1033 1234 1067 erat
1250 1056 1263 1078 ,
1293 1037 1380 1082 qua

87 1097 272 1145 fortuna
309 1113 405 1144 rem
437 1096 562 1143 daret
583 1133 596 1155 ‚
632 1112 680 1142 ea
713 1095 932 1142 inclinare
969 1096 1107 1142 vires.
1153 1095 1379 1141 Miraculo

87 1171 239 1234 primo
266 1169 351 1216 effe
377 1168 597 1216 Romanis
612 1205 625 1227 ‚
655 1168 735 1232 qui
756 1168 957 1231 proximi
976 1168 1208 1227 steterant,
1229 1180 1279 1214 ut
1298 1185 1382 1214 nu-

88 1244 183 1291 dari
215 1243 354 1290 latera
381 1241 454 1290 sua
487 1241 721 1289 sociorum
759 1241 949 1304 digreffu
983 1240 1241 1288 senserunt:
1277 1241 1381 1288 inde

87 1334 223 1383 eques
248 1317 388 1365 citato
412 1332 533 1380 equo
554 1315 734 1362 nuntiat
752 1315 872 1379 regi,
892 1315 1014 1361 abire
1035 1317 1251 1363 Albanos,
1271 1314 1381 1364 Tul-

90 1391 157 1438 lus
194 1390 242 1437 in
276 1408 322 1438 re
350 1390 521 1454 trepida
550 1390 794 1437 duodecim
823 1390 962 1438 vovit
982 1390 1156 1448 Salios,
1188 1390 1382 1453 fanaque

88 1464 257 1512 Pallori
291 1482 343 1513 ac
375 1465 558 1513 Pavori.
602 1465 829 1528 equitem,
860 1464 977 1511 clara
1015 1464 1252 1528 increpans
1289 1481 1382 1510 vo—

88 1556 163 1597 ce,
185 1552 235 1586 ut
252 1538 404 1586 hostes
427 1539 690 1586 exaudirent
707 1574 721 1595 ‚
748 1539 891 1585 redire
919 1539 963 1583 in
984 1538 1202 1602 proelium
1226 1537 1379 1600 jubet:

90 1615 220 1659 Nihil
236 1615 509 1674 trepidatione
531 1631 636 1674 opus
662 1611 732 1677 effe
748 1630 764 1658 :
785 1614 869 1674 suo
879 1611 999 1677 juffic
1026 1615 1280 1659 circumduci
1298 1616 1382 1657 Al-

91 1689 246 1732 banum
281 1690 501 1733 exercitum
520 1723 534 1744 ,
574 1705 622 1733 ut
651 1691 921 1734 Fidenatium
954 1691 1071 1734 nuda
1106 1704 1218 1750 terga
1253 1690 1382 1733 inva—

92 1761 210 1805 dant.
249 1758 368 1804 idem
400 1757 621 1822 imperat,
658 1773 710 1806 ut
739 1760 878 1807 hastas
906 1762 1077 1824 equites
1109 1761 1280 1824 erigere
1310 1758 1383 1810 iu·-

89 1827 206 1875 beat.
240 1829 289 1875 Id
309 1827 476 1877 factum
502 1847 676 1894 magnae
702 1831 818 1894 parti
844 1831 1046 1895 peditum
1063 1833 1383 1879 Romanorum

90 1901 379 1965 conspectum
415 1902 621 1950 abeuntis
656 1903 821 1951 Albani
858 1904 1084 1952 exercitus
1121 1903 1382 1966 intersepfit.

92 1974 170 2037 qui
198 1975 439 2034 viderant,
469 1977 545 2035 id,
580 1979 706 2041 quod
730 1979 785 2025 ab
811 1996 914 2043 rege
940 1980 1142 2027 auditum
1163 1990 1282 2036 erat,
1309 1995 1382 2024 ra-

31 2077 34 2079 *
93 2047 157 2104 ti,
181 2063 238 2094 eo
265 2047 409 2095 acrius
428 2063 646 2113 pugnant.
681 2054 854 2099 Terror
871 2053 927 2100 ad
953 2052 1102 2099 hostes
1125 2051 1304 2099 tranfit:
1333 2052 1384 2100 &

93 2120 362 2169 audiverant
391 2122 507 2170 clara
535 2140 656 2171 voce
687 2125 853 2172 dietum
872 2161 885 2183 ‚
915 2129 966 2174 &
994 2142 1157 2190 magna
1184 2141 1288 2188 pars
1314 2127 1384 2170 Fi-

93 2192 354 2253 denatium,
389 2207 440 2242 ut
470 2195 550 2259 qui
586 2197 746 2244 coloni
783 2198 921 2245 additi
956 2198 1176 2245 Romanis
1212 2196 1384 2253 essent,

45 2265 50 2273 ¹
96 2265 231 2312 latine
258 2265 469 2331 sciebant.
509 2260 662 2332 Itaque
681 2305 696 2328 ‚
725 2287 782 2317 ne
817 2270 966 2318 subito
995 2288 1052 2318 ex
1085 2270 1281 2318 collibus
1305 2268 1385 2313 de-

95 2337 227 2385 cursu
246 2339 530 2388 Albanorum
547 2341 958 2391 intercluderentur
984 2344 1040 2390 ab
1068 2342 1242 2407 oppido
1258 2376 1271 2397 ‚
1295 2352 1387 2386 ter-

97 2430 150 2476 ga
169 2426 372 2463 vertunt.
399 2415 534 2463 Instat
549 2416 713 2464 Tullus
727 2453 742 2476 ‚
764 2416 957 2483 fusoque
977 2416 1257 2464 Fidenatium
1285 2429 1387 2459 cor-

98 2504 185 2548 nu,
216 2489 265 2539 in
286 2489 528 2555 Vejentem
543 2527 559 2554 ,
579 2492 730 2541 alieno
751 2509 927 2558 pavore
956 2490 1208 2556 perculsum
1223 2524 1238 2547 ‚
1264 2487 1388 2535 fero-
