1582 2793
299 220 1168 269 HisTORIARUMLiss.1.
1341 231 1392 286 53

98 328 174 375 cio
195 364 209 387 ‚
243 341 339 375 tum
371 329 564 392 primum
600 330 647 376 in
671 329 831 377 Tiberi
860 329 978 375 fa&o
996 367 1010 384 ,
1046 329 1266 392 conjungi
1293 331 1394 378 urbi

97 402 288 464 piacuiff
305 402 555 463 Quiritium
577 419 763 466 quoque
784 402 894 450 foffa
908 439 923 459 ‚
947 402 1066 448 haud
1088 420 1280 463 parvum
1300 422 1400 450 mu-

100 476 352 523 nimentum
369 494 392 523 a
413 476 697 539 planioribus
717 478 838 523 aditu
861 477 998 532 locis,
1015 479 1133 523 Anci
1152 480 1264 540 regis
1282 495 1399 541 opus

96 548 172 596 est.
207 550 382 614 Ingenti
411 550 695 598 incremento
715 550 850 598 rebus
880 550 1046 608 anais,
1073 569 1177 597 curn
1208 552 1253 596 in
1276 563 1399 599 tanta

97 623 388 670 multitudine
419 625 686 682 hominum,
724 625 980 673 discrimine
1011 626 1127 672 reffle
1156 643 1214 672 an
1242 643 1397 688 perpe-

96 711 192 741 ram
211 694 315 742 faeti
332 695 528 743 confuso
545 732 558 754 ‚
580 696 785 744 facinora
812 695 1083 744 clandestina
1101 695 1258 743 fierent
1271 732 1283 752 ‚
1306 713 1399 742 car-

94 784 172 814 cer
199 770 255 815 ad
288 781 511 816 terrorem
545 769 837 817 increscentis
869 770 1066 817 audaciae
1088 770 1235 816 media
1260 769 1396 828 urbe,

96 840 337 889 imminens
371 841 479 888 foro
514 840 777 890 aedificatur.
820 844 918 890 Nec
953 845 1057 891 urbs
1090 857 1266 890 tantum
1303 843 1395 890 hoe

94 931 197 979 tege
229 916 406 975 crevit,
436 915 511 963 sed
542 915 678 963 etiam
711 934 815 982 ager
844 916 1059 980 finesque.
1097 918 1220 966 Silva
1243 916 1395 964 Maesia

95 987 363 1050 Vejentibus
384 989 558 1036 ademta
573 1025 588 1048 ‚
624 989 767 1055 usque
793 991 848 1038 ad
869 1008 993 1038 mare
1019 991 1261 1054 imperium
1284 1008 1396 1054 pro-

96 1059 230 1107 latum
248 1098 264 1120 ‚
292 1063 342 1110 &
363 1062 410 1108 in
441 1077 523 1109 ore
541 1062 722 1111 Tiberis
747 1062 875 1111 Ostia
901 1063 1008 1111 urbs
1037 1064 1223 1112 condita
1245 1082 1256 1111 :
1294 1063 1395 1111 iali-

94 1151 163 1180 nae
185 1135 306 1182 circa
330 1133 452 1182 faetae
470 1171 484 1194 ‚
513 1135 784 1201 egregieque
803 1136 935 1184 rebus
955 1136 1079 1184 bello
1099 1136 1230 1201 gestis
1244 1173 1260 1198 ,
1283 1137 1390 1184 aedis

90 1208 222 1256 Jovis
241 1209 426 1257 Feretrii
452 1208 733 1272 amplificata.

156 1282 382 1329 XXXIV.
422 1285 557 1330 Anco
587 1293 831 1346 regnante,
865 1283 1109 1341 Lucumo,
1142 1283 1217 1331 vir
1251 1284 1390 1348 impi—

90 1370 168 1417 ger
203 1372 256 1403 ae
281 1354 456 1403 divitiis
483 1368 648 1419 potens
665 1391 680 1415 ,
707 1357 903 1403 Romam
933 1356 1280 1421 commigravit,
1312 1375 1391 1404 cu·

90 1428 247 1491 pidine
274 1428 470 1477 maxime
504 1447 557 1478 ac
589 1429 664 1493 spe
693 1430 844 1493 magni
877 1429 1101 1489 honoris,
1132 1429 1259 1492 cujus
1290 1432 1389 1478 adi-

89 1502 291 1567 piscendi
302 1505 565 1569 Tarquiniis
588 1505 722 1570 (nam
742 1505 807 1552 ibi
827 1521 1017 1570 quoque
1038 1504 1273 1568 peregrina
1294 1505 1393 1551 stir-

89 1595 147 1639 pe
184 1579 405 1626 oriundus
443 1578 568 1644 erat)
601 1579 789 1628 facultas
826 1596 921 1627 non
959 1578 1118 1626 fuerat.
1153 1578 1389 1626 Damarati

88 1653 325 1700 Corinthii
346 1652 465 1701 filius
484 1667 606 1710 erat;
635 1655 743 1719 qui,
766 1655 828 1703 ob
854 1654 1095 1701 seditiones
1120 1653 1262 1700 domo
1282 1669 1390 1716 pro-

88 1726 223 1790 fugus
239 1763 254 1786 ,
275 1744 377 1775 cum
395 1728 659 1792 Tarquiniis
689 1727 809 1775 forte
837 1726 1130 1787 consediffet‚
1159 1743 1305 1773 uxore
1324 1727 1387 1773 ibi

88 1799 220 1848 dubia
251 1800 368 1848 duos
393 1799 513 1848 filios
535 1801 705 1866 genuit.
742 1800 947 1848 Nomina
975 1801 1043 1849 his
1078 1803 1285 1849 Lucumo
1314 1812 1382 1846 at—

89 1891 178 1938 que
206 1876 356 1923 Aruns
388 1875 583 1924 fuerunt.
622 1879 832 1925 Lucumo
864 1876 1083 1940 superfuit
1115 1876 1264 1941 patri,
1299 1876 1387 1923 bo—

86 1965 256 1995 norum
285 1949 491 1996 omnium
526 1950 681 1999 heres:
718 1953 866 1997 Aruns
889 1951 1045 2014 prior,
1077 1967 1212 2015 quam
1237 1960 1384 2012 pater,

88 2020 312 2080 moritur,
344 2038 489 2069 uxore
509 2023 697 2086 gravida
724 2023 889 2070 relifiia.
924 2024 1022 2071 Nec
1042 2022 1121 2069 diu
1145 2034 1295 2071 manet
1315 2020 1385 2069 su-

85 2095 253 2159 perstes
279 2095 378 2144 filio
399 2111 527 2161 pater
548 2117 559 2146 :
586 2099 787 2164 quicum
804 2135 820 2159 ,
846 2099 1064 2164 ignorans
1083 2116 1249 2147 nurum
1275 2115 1385 2147 ven*

83 2182 200 2216 trem
220 2169 368 2229 ferre,
402 2172 647 2220 immemor
675 2172 724 2220 in
747 2172 952 2220 testando
976 2171 1157 2234 nepotis
1183 2171 1381 2220 deceffis-

85 2242 182 2301 set,
225 2261 400 2307 puero,
437 2246 537 2309 post
572 2245 650 2294 avi
687 2259 886 2294 mortem
927 2246 975 2294 in
1010 2245 1183 2296 nullam
1219 2244 1385 2292 sortem

85 2317 317 2366 bonorum
340 2332 450 2367 nato
467 2356 485 2378 ,
517 2321 574 2368 ab
598 2320 760 2384 inopia
778 2320 945 2386 Egerio
973 2320 1169 2369 inditum
1199 2335 1384 2367 nomen.

84 2392 343 2439 Lucumoni
361 2404 550 2453 contra,
584 2394 794 2443 omnium
813 2392 967 2442 heredi
996 2393 1257 2450 bonorum,
1275 2409 1379 2439 cum

83 2463 258 2510 divitiae
290 2462 380 2526 jam
411 2466 592 2514 animos
627 2466 855 2527 facerent,
889 2467 1018 2517 auxit
1047 2466 1179 2514 duaa
1207 2466 1254 2513 in
1288 2482 1384 2512 ma-

82 2537 348 2588 trimonium
381 2541 642 2606 Tanaquil,
672 2542 850 2591 summo
883 2542 993 2590 loco
1022 2552 1156 2599 nata,
1192 2540 1244 2587 δι
1278 2556 1379 2606 quae

962 2614 1067 2676 D3
