1582 2793
303 210 903 259 HisToRmRuM
944 213 1078 259 ΗΒ.
1124 214 1155 259 1.
1328 227 1387 277 57

97 320 348 386 scripserat,
380 320 541 368 addere
571 319 679 366 alias
704 319 961 377 constituit,
992 321 1164 384 suoque
1194 320 1388 386 insignes

96 399 352 462 relinquere
370 397 571 445 nomine.
606 397 653 443 Id
674 397 780 460 quia
802 396 1069 459 inaugurato
1087 399 1310 444 Romulus
1326 398 1388 443 fe-

98 484 247 530 cerat,
276 489 436 535 negare
455 473 589 518 Attus
606 471 810 529 Navius,
840 470 1021 519 inclitus
1049 488 1099 518 ea
1126 475 1388 536 tempestate

98 562 243 609 augur
258 581 272 603 ‚
303 561 451 607 neque
478 545 666 603 mutari,
688 562 834 609 neque
855 561 1033 592 novum
1054 546 1270 593 constitui
1287 584 1299 604 ‚
1324 548 1390 592 ni-

97 618 130 665 fi
153 635 257 666 aves
279 618 570 677 addixissent,
591 618 729 682 posse.
767 621 834 665 Ex
852 635 909 664 eo
931 618 995 665 ira
1014 619 1108 683 regi
1131 632 1279 678 mota,
1300 622 1391 665 elu-

99 693 298 757 densque
320 706 460 740 artem
478 730 492 751 ‚
521 706 571 740 ut
595 692 775 751 ferunt,
793 696 989 756 Agerium
1006 730 1020 751 ‚
1048 694 1224 757 inquit,
1251 698 1393 741 divine

99 786 145 815 tu
158 805 174 826 ,
197 772 407 831 inaugura
423 805 436 824 ,
451 771 599 829 fierine
614 763 745 846 fefffit
757 805 772 825 ‚
794 773 908 829 quod
930 788 1043 816 nunc
1058 788 1130 833 ego
1150 786 1279 816 mente
1297 788 1393 814 cotz-

101 846 226 902 cipio.
259 844 374 889 Cum
403 842 478 887 ille
514 843 559 888 in
596 842 782 904 augurio
803 858 896 888 rem
923 855 1162 905 expertus,
1186 840 1399 904 profeEto,

101 916 300 965 filturam
328 915 532 963 dixisset:
557 920 696 978 Atqui
724 920 800 963 lzoc
830 921 976 963 animo
1004 921 1194 979 agimvi,
1222 916 1394 979 inquit,

101 1008 138 1037 te
168 995 380 1037 novacula
411 1007 538 1036 cotem
567 987 838 1054 difcfftrum.
884 1009 981 1052 cape
1012 993 1126 1048 lucc,
1154 987 1198 1036 δ’
1219 1008 1395 1052 perage,

103 1067 217 1126 quod
234 1081 330 1109 aves
349 1079 426 1109 tuae
437 1064 535 1122 fieri
547 1061 659 1128 poffl
675 1066 944 1124 portendunt.
983 1075 1081 1111 tum
1114 1063 1240 1109 illum
1277 1063 1396 1110 haud

103 1136 370 1184 cunEtanter
397 1135 615 1183 discidisse
643 1149 793 1184 cotem
815 1136 981 1185 ferunt.
1021 1140 1174 1185 Statua
1203 1137 1300 1185 Atti
1323 1155 1394 1185 ca-

103 1211 198 1273 pite
218 1210 401 1268 velato,
433 1226 528 1273 quo
551 1209 597 1256 in
626 1210 736 1258 loco
769 1228 838 1259 res
867 1212 960 1258 aeta
982 1212 1073 1269 est,
1102 1213 1148 1258 in
1171 1212 1363 1259 comitio
1380 1249 1396 1271 ‚

103 1283 152 1330 in
175 1283 384 1348 gradibus
403 1283 505 1346 ipsis
525 1284 581 1330 ad
610 1283 773 1331 laevam
801 1286 937 1332 curiae
961 1285 1071 1334 fuit:
1105 1300 1256 1334 cotem
1279 1303 1398 1351 quo·

103 1375 196 1421 que
214 1358 376 1404 eodem
395 1358 505 1405 loco
531 1358 656 1406 fitam
673 1358 801 1406 fuisse
818 1374 1073 1408 memorant
1093 1398 1107 1419 ‚
1138 1373 1187 1408 ut
1216 1361 1321 1408 esset
1344 1360 1400 1409 ad

106 1431 316 1494 posteros
333 1433 539 1481 miraculi
563 1433 657 1497 ejus
673 1450 1039 1484 monumentum.
1067 1437 1279 1502 Augur-iis
1303 1454 1399 1483 cer-

106 1520 152 1552 te
183 1505 528 1570 sacerdotioque
563 1525 782 1572 augurum
814 1522 964 1558 tantus
1001 1511 1153 1557 honos
1190 1511 1401 1569 accessit,

108 1590 160 1624 ut
183 1577 299 1625 nihil
330 1578 437 1626 belli
472 1580 686 1645 domique
715 1582 896 1645 postea,
927 1583 1009 1630 nisi
1033 1584 1295 1647 auspicato,
1325 1601 1403 1648 ge·

109 1664 311 1700 reretur:
339 1653 536 1702 concilia
561 1656 753 1719 populi,
779 1657 1003 1705 exercitus
1022 1658 1209 1716 vocati,
1231 1658 1404 1705 summa

110 1742 288 1784 rerum,
306 1726 386 1774 ubi
403 1744 511 1774 aves
532 1744 627 1776 non
648 1728 936 1790 admisissent,
955 1731 1288 1778 dirimerentur.
1311 1731 1404 1776 Ne-

111 1816 200 1863 que
218 1814 313 1848 tum
325 1800 610 1866 Tarquinius
628 1803 683 1851 de
701 1803 902 1868 equitum
923 1805 1135 1853 centuriis
1154 1805 1404 1870 quidquam

111 1874 338 1923 mutavit:
368 1893 560 1924 numero
581 1877 771 1925 alterum
798 1889 975 1926 tantum
1002 1878 1191 1940 adjecit,
1210 1891 1261 1926 ut
1279 1878 1404 1926 mille

110 1949 164 1996 &
195 1949 444 2013 offingenti
464 1951 636 2015 equites
656 1950 703 1997 in
722 1951 864 2000 tribus
885 1952 1102 2001 centuriis
1133 1952 1285 2001 effent.
1311 1955 1405 1999 Po-

109 2020 323 2070 steriores
359 2025 504 2072 modo
540 2025 623 2072 sub
655 2024 808 2073 iisdem
840 2025 1102 2074 nominibus
1123 2063 1136 2086 ‚
1164 2026 1244 2092 qui
1277 2027 1406 2078 addi-

111 2094 148 2142 ti
175 2109 325 2157 erant,
355 2098 568 2162 appellati
599 2099 722 2148 sunt:
755 2116 867 2165 quas
894 2118 1046 2161 nunc,
1066 2101 1174 2167 quia
1202 2102 1406 2167 gemina-

111 2179 172 2215 tae
200 2169 333 2230 sunt,
364 2172 439 2220 sex
463 2188 640 2223 vocant
668 2176 908 2224 centurias.

181 2246 423 2294 XXXVII.
443 2249 540 2296 Hac
559 2249 685 2312 part'e
703 2249 938 2313 copiarum
950 2251 1100 2310 aucta,
1118 2250 1281 2297 iterum
1303 2266 1408 2296 cum

111 2317 291 2366 Sabinis
321 2320 599 2385 confligitur.
634 2322 720 2369 Sed
751 2338 1049 2389 praeterquam
1080 2323 1209 2388 quod
1235 2322 1410 2368 viribus

114 2403 325 2439 creverat
341 2394 576 2442 Romanus
595 2396 847 2456 exercitus,
875 2413 933 2444 ex
958 2397 1147 2445 occulto
1178 2394 1313 2442 etiam
1333 2394 1410 2440 ad-

117 2463 238 2512 ditur
266 2464 398 2513 dolus
414 2502 429 2526 ‚
454 2467 589 2515 miffis
607 2504 622 2527 ,
657 2468 737 2533 qui
753 2487 962 2535 magnam
984 2469 1078 2516 vim
1098 2469 1329 2531 lignorum
1361 2466 1409 2512 in

117 2536 308 2586 Anienis
333 2538 431 2604 ripa
457 2538 680 2603 jacentem
697 2577 714 2603 ,
743 2542 973 2590 ardentem
1010 2541 1060 2588 in
1089 2539 1258 2586 flumen
1276 2540 1409 2601 {con-
