1582 2793
165 142 256 191 130
514 125 1084 175 T1T1L1V11

158 236 317 284 iniere.
359 234 538 283 Consul
557 236 794 283 Romanus
815 253 900 284 nec
923 235 1168 300 promovit
1188 236 1357 298 aciem,
1378 255 1463 287 nec

157 310 407 358 clamorem
432 308 558 356 reddi
581 309 726 372 pafl'us
742 346 756 368 ,
782 307 942 356 defixis
970 310 1071 373 pilis
1102 310 1216 358 stare
1243 310 1350 358 suos
1370 310 1464 373 jus-

156 384 241 430 sit:
274 383 355 430 ubi
390 383 446 430 ad
480 400 664 430 manum
696 382 888 431 veniffet
927 383 1068 430 hostis
1092 421 1108 442 ,
1137 396 1236 432 tum
1269 397 1464 434 coortos

156 467 255 503 tota
277 456 328 505 vi
347 456 504 520 gladiis
523 473 617 502 rem
637 471 805 519 gerere.
837 455 1020 515 Volsci,
1043 459 1174 505 cursu
1191 460 1242 506 &
1262 458 1466 506 clamore

156 530 254 578 feffi
267 568 281 590 ‚
304 548 409 578 cum
432 531 475 577 se
494 530 625 578 velut
643 529 927 592 stupentibus
950 543 1076 578 metu
1096 531 1344 579 intuliffent
1362 533 1466 579 Ro-

154 605 329 665 manis,
353 605 595 670 postquam
621 603 958 683 impreflionem
991 604 1160 652 sensere
1193 623 1250 652 ex
1272 605 1468 655 adverso

156 677 342 736 factam,
363 680 414 725 δε
436 689 539 724 ante
563 675 727 724 oculos
751 675 920 723 micare
944 676 1150 741 gladios,
1168 678 1289 726 haud
1308 678 1433 726 secus
1448 715 1466 738 ,

153 768 295 815 quam
321 751 395 798 fi
385 768 432 798 1n
461 750 640 797 infidias
661 749 941 825 incidissent,
966 751 1136 798 turbati
1162 763 1348 801 vertunt
1373 764 1467 799 ter-
1500 786 1501 789 =

153 842 244 889 ga3
265 828 315 873 &
342 842 396 872 ne
419 824 474 871 ad
491 823 652 887 fugam
674 809 861 886 quidem
889 822 991 870 satis
1018 825 1189 872 virium
1219 824 1333 885 fuit,
1358 826 1468 890 quia

157 900 293 949 cursu
341 901 388 946 in
423 900 641 963 proelium
678 898 838 948 ierant.
889 899 1091 946 Romani
1127 913 1323 959 contra,
1358 900 1467 966 quia

158 975 393 1039 principio
435 989 601 1037 pugnae
636 973 780 1036 quieti
820 973 1068 1033 steterant,
1107 973 1317 1038 vigentes
1357 991 1467 1022 cor-

158 1048 378 1114 poribus,
407 1046 538 1094 facile
573 1047 725 1110 adepti
755 1047 891 1096 feffos
908 1085 922 1108 ,
949 1050 1000 1097 δι
1021 1049 1162 1097 castra
1192 1049 1365 1113 impetu
1393 1067 1470 1098 ce-

158 1132 329 1186 perunt
348 1157 362 1179 ,
395 1121 444 1167 &
473 1118 625 1166 castris
658 1135 850 1167 exutum
889 1121 1064 1168 hostem
1094 1122 1291 1169 Velitras
1319 1121 1471 1185 perse-

161 1193 258 1241 cuti
274 1229 287 1252 ,
308 1209 405 1239 uno
433 1190 609 1255 agmine
630 1191 828 1240 victores
851 1211 955 1240 cum
980 1193 1112 1243 victis
1147 1194 1194 1240 in
1223 1193 1382 1240 urbem
1409 1193 1471 1240 ir-

159 1284 339 1330 rupere.
377 1265 566 1330 plusque
602 1264 668 1314 ibi
697 1264 948 1330 sanguinis,
971 1266 1231 1331 promiscua
1261 1264 1471 1313 omnium

161 1358 380 1404 generum
412 1340 534 1385 caede
550 1374 564 1396 ,
589 1355 726 1400 quam
750 1339 798 1383 in
824 1340 919 1400 ipsa
944 1337 1267 1397 dimicatione,
1287 1338 1470 1388 factum.

158 1412 318 1478 paucis
345 1411 449 1458 data
475 1409 641 1470 venia,
665 1408 745 1474 qui
774 1408 969 1458 inermes
1000 1411 1048 1458 in
1081 1411 1361 1460 deditionem
1388 1429 1471 1461 ve-

163 1497 350 1533 nerunt.

229 1559 407 1606 XXXI.
443 1559 573 1606 Dum
603 1557 700 1605 haec
729 1556 777 1603 in
795 1555 977 1605 Volscis
1004 1569 1250 1621 geruntur,
1276 1558 1472 1606 dictator

161 1633 389 1691 Sabinos,
409 1633 490 1680 ubi
524 1633 661 1696 longe
698 1631 943 1695 plurimum
985 1631 1094 1678 belli
1125 1630 1292 1691 fuerat,
1320 1632 1472 1680 fundit

164 1707 412 1772 fugatque,
449 1706 668 1770 exuitque
695 1704 864 1752 castris.
898 1704 1116 1769 Equitatu
1144 1704 1342 1753 immisso
1370 1723 1471 1753 me-

164 1782 286 1828 diam
315 1781 580 1828 turbaverat
601 1778 799 1826 hostium
830 1778 972 1827 aciem
993 1814 1006 1838 ,
1029 1795 1142 1842 qua,
1165 1779 1274 1826 dum
1296 1777 1338 1826 se
1369 1796 1472 1827 cor-

165 1872 257 1902 nua
288 1854 420 1902 latius
449 1854 658 1917 pandunt
676 1889 690 1913 ,
712 1870 872 1917 parurn
901 1863 1001 1916 apte
1031 1853 1275 1900 introrsum
1298 1853 1472 1901 ordini·-

167 1930 249 1976 bus
269 1930 414 1977 aciem
440 1928 746 1977 firmaverant.
778 1927 985 1975 turbatos
1015 1928 1151 1992 pedes
1179 1928 1355 1976 invafit.
1390 1945 1472 1976 eo·

167 2003 270 2049 dem
298 2002 470 2066 impetu
502 2002 641 2050 castra
670 2013 832 2065 capta,
860 2000 1224 2064 debellatumque
1254 2001 1329 2048 est.
1366 1999 1474 2048 Post

168 2094 370 2141 pugnam
394 2078 450 2124 ad
471 2078 699 2142 Regillum
723 2077 872 2124 lacum
892 2092 991 2123 non
1014 2076 1099 2123 alia
1126 2075 1213 2123 illis
1233 2074 1360 2122 annis
1387 2092 1474 2138 pu-

167 2165 256 2212 gna
290 2149 455 2196 clarior
486 2149 586 2197 fuit.
647 2149 840 2195 dictator
872 2148 1155 2211 triumphans
1200 2146 1361 2194 urbem
1393 2147 1470 2193 in-

171 2223 370 2272 vehitur.
407 2225 552 2286 Super
577 2223 737 2270 solitos
763 2223 967 2268 honores
1003 2221 1134 2268 locus
1157 2219 1203 2266 in
1235 2219 1360 2268 circo
1388 2218 1472 2282 ipsi

171 2296 452 2361 posterisque
473 2296 853 2359 ad”spe&aculum
883 2295 1038 2342 datus:
1072 2293 1176 2341 sella
1208 2293 1256 2340 in
1277 2309 1335 2340 eo
1350 2288 1473 2341 'loco

171 2370 341 2416 curulis
361 2369 519 2432 pofita.
536 2368 714 2416 Volscis
729 2368 915 2415 deviclis
927 2368 1186 2414 Veliternus
1207 2383 1312 2429 ager
1329 2366 1472 2412 adem·

171 2455 246 2494 tus
270 2461 281 2494 z
324 2443 520 2496 Velitras
544 2442 705 2496 coloni
735 2442 790 2495 ab
815 2442 926 2495 urbe
957 2441 1071 2495 miffi
1094 2443 1144 2495 ὃ(
1174 2440 1361 2497 colonia
1387 2439 1470 2487 de·
1547 2496 1549 2498 .
