1582 2793
319 151 1145 200 HISTORIARUML113.1.
1325 165 1379 213 23

16 280 21 300 ι
93 258 193 308 lesti
215 277 335 309 voce
351 259 464 322 juffi.
494 258 587 322 ipse
614 259 668 304 ad
698 258 919 321 primores
951 261 1170 308 Romulus
1203 277 1384 325 provooe

93 333 170 379 lat.
206 335 374 380 Mettus
395 332 582 379 Curtius
602 333 656 378 ab
676 331 851 377 Sabinis
875 333 1083 396 princeps
1104 335 1160 379 ab
1188 351 1287 382 arce
1309 334 1385 380 <le-

96 417 383 467 cucurrerat‚
415 407 465 452 &
483 405 646 453 effusos
668 419 818 469 egerat
832 406 1068 452 Romanos
1085 442 1098 464 ‚
1120 421 1220 454 toto
1243 426 1388 470 qum<

97 490 193 526 tum
219 479 326 527 foro
356 479 544 543 spatium
574 480 650 526 est.
682 497 765 526 uec
782 479 947 544 procul
966 479 1054 542 jam
1076 498 1100 526 a
1121 494 1248 543 porta
1265 482 1390 527 Pala-

95 552 151 600 tii
175 565 295 612 erat,
311 552 544 600 clamitans
556 588 570 612 ,
589 556 777 600 Vicimus
785 557 966 615 perfidos
984 554 1158 614 hospitas
1175 589 1187 608 ‚
1208 557 1388 600 imbelles

97 630 236 695 hqstes.
250 630 349 675 Jam
358 630 523 690 filum,
538 633 657 690 longe
671 631 793 674 aliud
809 626 880 692 effi
898 631 1077 690 virgines
1097 647 1232 688 rapere
1242 664 1256 683 ,
1269 632 1393 672 aliud

90 718 284 763 pugnare
312 720 403 748 cum
433 705 550 750 viris.
582 703 632 747 In
665 718 794 759 eum,
824 702 923 749 haec
958 700 1255 763 gloriantem,
1284 717 1387 746 cizan

95 774 240 838 globo
266 773 645 822 ferociffimorum
674 773 894 835 juvenum
915 774 1138 820 Romulus
1165 773 1386 836 impetum

98 845 221 894 facit.
253 849 323 894 Ex
347 863 466 911 equo
490 859 586 894 tum
605 846 725 893 forte
742 848 909 892 Mettus
926 846 1178 909 pugnabat:
1210 860 1266 891 eo
1291 844 1389 908 pel-

101 918 135 965 li
166 918 340 968 facilius
372 919 486 967 fuit:
519 919 696 982 pulsum
727 917 924 966 Romani
954 917 1297 982 persequuntur.
1339 918 1392 965 ὅ(

99 991 184 1039 alia
211 993 418 1041 Romana
451 993 595 1051 acies,
626 993 811 1041 audacia
846 991 963 1055 regis
996 991 1207 1050 accensa,
1239 991 1391 1037 fundit

99 1062 303 1111 Sabinos.
337 1065 508 1110 Mettus
537 1063 582 1109 in
606 1063 812 1126 paludem
839 1062 953 1120 sese,
986 1061 1173 1125 strepitu
1197 1060 1390 1124 sequen-

98 1134 216 1182 tium
249 1136 500 1200 trepidante
524 1153 673 1201 equo,
703 1135 934 1197 conjecit:
965 1136 1308 1197 adverteratquc
1339 1150 1392 1180 ea

99 1224 171 1256 res
199 1210 333 1258 etiam
350 1210 540 1258 Sabinos
569 1209 682 1257 tanti
716 1210 921 1273 periculo
949 1210 1053 1256 viri.
1092 1212 1147 1256 Et
1177 1208 1252 1255 ille
1285 1206 1391 1271 qui-

103 1282 205 1328 dem
220 1318 235 1342 ‚
252 1285 556 1332 annuentibus
584 1303 636 1332 ac
655 1285 927 1334 vocantibus
948 1284 1034 1330 suis
1050 1319 1064 1342 ,
1091 1283 1252 1330 favore
1273 1280 1393 1328 mul-

100 1364 254 1402 torum
275 1357 430 1404 addito
449 1358 603 1404 animo
622 1393 637 1417 ,
665 1358 831 1407 evadit.
865 1357 1063 1404 Romani
1081 1355 1324 1418 Sabinique
1344 1353 1394 1399 in

101 1429 249 1476 media
267 1430 481 1478 convalle
498 1431 694 1478 duorum
712 1431 938 1479 montium
957 1431 1263 1494 redintegrant
1276 1444 1394 1492 proe-

102 1501 244 1557 lium;
263 1503 337 1550 sed
355 1520 424 1551 res
444 1504 652 1551 Romana
675 1516 770 1551 erat
789 1504 1005 1568 superior.

65 1578 91 1623 S
168 1578 290 1625 XIII.
318 1578 438 1626 Tum
457 1577 631 1624 Sabinae
658 1577 890 1635 mulieres,
925 1595 1114 1640 quarum
1145 1594 1203 1623 ex
1232 1573 1396 1638 injuria

104 1650 276 1698 bellum
297 1662 448 1698 ortum
470 1662 595 1709 erat,
627 1650 826 1698 crinibus
851 1652 978 1715 pallis
1007 1651 1216 1714 scissaque
1244 1650 1396 1707 veste,

105 1725 231 1774 victo
250 1723 376 1771 malis
394 1723 605 1771 muliebri
622 1741 796 1787 pavore
814 1760 828 1782 ‚
852 1723 966 1771 ausae
991 1724 1033 1771 se
1055 1725 1170 1770 inter
1193 1723 1281 1769 tela
1301 1739 1395 1768 vo-

104 1797 244 1845 lantia
265 1797 432 1845 inferre
450 1834 464 1857 ‚
491 1815 546 1845 ex
567 1796 824 1845 transverso
845 1797 1017 1861 impetu
1037 1797 1158 1844 fauo
1175 1832 1189 1855 ,
1211 1796 1397 1842 dirime-

105 1887 155 1918 re
184 1869 363 1918 infestas
390 1871 536 1930 acies,
569 1870 777 1918 dirimere
804 1873 916 1929 ira53
946 1872 1054 1918 hinc
1076 1884 1255 1934 patres,
1287 1868 1397 1916 hinc

104 1941 236 1992 vlros
268 1955 476 2003 orantes,
508 1963 558 1990 ne
573 1944 623 2004 ft
637 1944 854 2007 fiznguitze
880 1944 1069 2003 nefando
1085 1945 1222 2005 soceri
1242 1944 1400 2006 generi-

107 2034 182 2078 que
198 2017 461 2080 respergerent
471 2035 487 2063 .·
517 2034 567 2063 ne
577 2020 812 2078 parricidio
836 2022 1094 2064 macularent
1104 2015 1370 2079 partusficos
1381 2049 1399 2071 ,

109 2108 303 2153 nepotum
325 2095 393 2138 illi
406 2125 421 2150 ,
447 2092 618 2138 liberam
636 2094 682 2138 ln·
692 2095 945 2155 progeniem.
978 2093 1032 2137 Si
1051 2092 1283 2155 affinitatis
1297 2092 1402 2134 inter

106 2183 184 2213 vos
197 2200 213 2223 ,
223 2167 275 2232 si
288 2169 485 2213 connubii
504 2169 651 2228 piget,
685 2170 731 2214 in
754 2185 833 2213 nos
859 2169 999 2214 vertite
1022 2169 1137 2212 iras:
1172 2182 1251 2211 nos
1271 2163 1400 2223 causa

110 2241 207 2285 belli
220 2274 234 2298 ‚
253 2258 333 2287 nos
356 2243 572 2287 vulnerum
591 2259 640 2287 ac
659 2243 831 2288 caedium
860 2243 964 2289 viris
984 2259 1033 2286 ac
1054 2239 1299 2301 parentibus
1315 2237 1400 2294 fic-

112 2330 220 2358 mus.
240 2316 387 2360 melius
395 2316 625 2375 peribimus
634 2350 650 2372 ,
672 2315 900 2380 quamsine
915 2315 1055 2359 alceris
1071 2311 1242 2378 vestszim
1262 2310 1400 2353 vidua:

111 2399 190 2430 aut
200 2386 303 2431 orbae
320 2388 519 2433 vivemus.
541 2386 706 2433 Movet
724 2403 794 2434 res
811 2399 906 2433 tum
924 2381 1260 2431 multitudinem
1273 2414 1285 2435 ,
1301 2390 1400 2423 tum

115 2457 265 2507 duces.
286 2457 527 2507 Silentium
547 2460 597 2508 &
617 2461 851 2525 repentina
869 2458 917 2505 fit
935 2459 1075 2522 quies.
1106 2454 1209 2500 inde
1229 2452 1284 2501 ad
1310 2449 1402 2497 foe-

1056 2533 1090 2576 B
1128 2547 1160 2589 4
