1582 2793
174 170 262 213 124
521 157 745 205 TITI
812 163 1087 230 Ls1V11

163 274 301 325 partae
328 262 472 326 pacis,
492 264 623 329 legati
642 268 844 315 Aurunci
867 269 1066 317 senatum
1088 270 1278 330 adeunt,
1309 270 1356 319 ni
1377 272 1454 320 de*

165 337 350 384 cedatur
372 337 543 385 Volsco
578 357 718 403 agro,
751 341 918 388 bellum
951 343 1214 392 indicentes,
1254 346 1371 392 Cum
1390 345 1455 392 le·-

164 409 276 472 gatis
311 409 438 457 simul
473 413 699 459 exercitus
731 415 1055 463 Auruncorum
1092 418 1233 464 domo
1268 417 1453 481 profec-

165 496 237 528 tus
279 495 384 530 erat.
423 483 550 546 cujus
580 483 725 543 fama,
759 484 879 531 haud
907 488 1070 549 procul
1099 489 1188 551 jam
1216 491 1271 537 ab
1299 492 1451 538 Aricia

163 555 271 614 vili,
293 567 420 605 tanto
441 557 636 603 tumultu
661 557 868 604 concivit
887 560 1123 608 Romanos
1137 599 1150 621 ‚
1169 577 1219 610 ut
1238 582 1320 612 nec
1341 582 1455 612 con·-

162 629 246 676 suli
280 631 439 677 ordine
472 633 648 687 Patres,
684 649 767 678 nec
798 650 1008 695 pacatum
1041 635 1302 698 responsum
1333 656 1455 687 arma

162 703 458 751 inferentibus
488 722 608 751 arma
630 705 709 767 ipfi
743 706 968 769 capientes
990 708 1092 755 dare
1116 710 1304 771 possent.
1348 713 1453 758 Ari-

164 776 277 824 ciam
319 775 481 822 infesto
518 777 694 840 agmine
728 778 851 826 itur:
893 798 976 828 nec
1011 784 1173 843 procul
1209 784 1312 831 inde
1349 802 1455 832 cum
1508 782 1511 786 Δ

163 848 391 895 Auruncis
426 848 546 912 signa
585 849 779 911 collata,
820 853 1083 919 proelioque
1122 873 1219 902 uno
1254 858 1454 905 debella-

161 933 258 968 tum
288 922 361 967 est.

228 996 421 1042 XXVII.
456 996 573 1042 Fufis
609 998 834 1046 Auruncis
857 1035 870 1058 ‚
903 1001 1052 1048 vi&or
1085 1013 1158 1049 tot
1193 1003 1309 1050 intra
1337 1021 1454 1067 pau-

165 1085 248 1115 cos
278 1068 370 1114 dies
401 1069 529 1115 bellis
565 1070 800 1118 Romanus
835 1075 1045 1135 promiffa
1074 1075 1269 1123 consulis
1296 1075 1454 1124 fidem-

164 1158 253 1205 que
285 1141 457 1188 senatus
479 1143 760 1207 exspe&abat
779 1164 788 1192 :
820 1163 921 1194 cum
941 1149 1112 1211 Appius
1131 1185 1143 1206 ‚
1168 1151 1216 1197 &
1236 1150 1454 1197 infita'su-

163 1215 317 1278 perbia
339 1215 521 1274 animo,
553 1219 603 1265 &
630 1232 678 1265 ut
705 1219 891 1284 collegae
911 1238 1073 1268 vanam
1105 1221 1270 1268 faceret
1290 1221 1452 1281 fidem,

163 1303 299 1350 quam
333 1288 570 1351 asperrime
602 1305 808 1353 poterat,
848 1291 918 1355 jus
951 1294 1003 1339 de
1039 1294 1217 1340 creditis
1249 1297 1455 1357 pecuniis

163 1362 326 1408 dicere.
368 1362 580 1425 deinceps
612 1367 687 1422 &‚
721 1366 797 1430 qui
830 1378 932 1413 ante
969 1368 1076 1414 nexi
1114 1367 1320 1429 fuerant,
1353 1386 1454 1417 cre-

163 1437 385 1485 ditoribus
421 1439 739 1499 tradebantur,
777 1444 827 1488 &
859 1444 1150 1490 nectebantur
1179 1443 1269 1492 alii.
1307 1446 1452 1506 Quod

165 1584 317 1632 cursus
348 1585 403 1631 ad
438 1587 682 1634 Servilium
714 1587 877 1648 fiebat;
921 1590 1039 1637 illius
1076 1591 1287 1654 promiffa
1317 1591 1456 1653 jaEia-

164 1658 302 1716 bant‚
324 1658 390 1704 illi
416 1661 751 1722 exprobrabant
776 1661 850 1708 fua
872 1662 1056 1726 quisque
1085 1664 1190 1710 belli
1210 1665 1366 1713 merita
1388 1664 1455 1712 ci-

165 1732 440 1797 catricesque
471 1739 690 1797 acceptas.
726 1734 1043 1797 postulabant,
1073 1750 1123 1783 ut
1156 1750 1232 1784 aut
1266 1737 1455 1785 referret

165 1803 222 1851 ad
239 1803 435 1851 senatum
450 1842 463 1865 ,
489 1822 566 1853 aut
583 1819 632 1853 ut
652 1807 822 1856 auxilio
843 1808 947 1854 effet
968 1809 1122 1856 consul
1143 1811 1323 1858 civibus
1345 1811 1457 1871 suis,

165 1875 415 1940 imperator
442 1878 671 1926 militibus.
708 1881 965 1929 Movebant
986 1882 1214 1929 consulem
1239 1883 1359 1938 haec;
1381 1883 1456 1930 sed

165 1950 449 2012 tergiversari
485 1969 555 1998 res
589 1952 796 2016 cogebat.
840 1953 953 1999 adeo
985 1954 1032 2000 in
1066 1955 1247 2001 alteram
1279 1955 1456 2005 causam

166 2037 265 2066 non
287 2022 458 2087 collega
484 2022 630 2070 solum
655 2041 854 2087 praeceps
882 2025 1018 2083 ierat,
1054 2026 1125 2072 fed
1150 2027 1298 2073 omnis
1319 2027 1456 2074 faffio

166 2094 403 2142 nobilium.
441 2097 499 2144 ita
517 2134 530 2156 ‚
554 2100 750 2145 medium
779 2099 820 2146 fe
851 2101 1076 2163 gerendo,
1109 2117 1192 2148 nec
1220 2099 1360 2162 plebis
1379 2102 1454 2149 vi·-

113 2212 116 2216 ,
164 2165 284 2212 tavit
304 2167 482 2227 odium,
514 2187 596 2217 nec
625 2172 742 2234 apud
762 2173 910 2219 Patres
937 2172 1120 2236 gratiam
1151 2171 1266 2217 iniit.
1304 2174 1457 2221 Patres

166 2237 353 2285 mollem
372 2241 602 2288 consulem
621 2245 671 2291 &
693 2244 978 2289 ambitiosum
1003 2244 1086 2290 rati
1107 2262 1121 2299 3
1152 2244 1302 2306 plebes
1330 2245 1455 2293 falla·

172 2326 285 2360 cem.
312 2311 533 2375 brevique
556 2315 783 2376 apparuit,
806 2315 992 2378 aequasse
1013 2332 1113 2361 eum
1127 2317 1262 2379 Appii
1281 2318 1453 2368 odium.

168 2384 408 2430 Certamen
429 2385 686 2433 consulibus
705 2387 943 2446 inciderat,
974 2403 1071 2434 uter
1091 2389 1313 2436 dedicaret
1334 2392 1455 2437 Mer-

169 2456 288 2505 curii
315 2458 470 2509 aedem.
503 2460 688 2509 Senatus
707 2478 732 2508 a
755 2460 797 2510 se
827 2479 923 2509 rem
952 2463 1007 2510 ad
1028 2463 1250 2528 populum
1274 2462 1453 2528 rejecit:
