1582 2793
175 222 262 256 102
521 208 1087 261 TITILIVII

163 315 276 364 cilis.
302 314 433 364 Nihil
452 315 574 365 aliud
595 319 649 367 ad
666 336 770 367 eum
791 323 999 369 nuntium
1021 340 1045 369 a
1064 322 1304 386 proposito
1326 337 1458 375 aver4

163 387 234 435 sus
247 425 260 448 ,
277 407 412 453 quam
431 403 480 437 ut
498 392 693 441 cadaver
710 393 857 442 efferri
874 394 1075 457 juberet,
1091 408 1247 444 tenens
1263 398 1462 461 postem,

164 461 475 527 prebationem
496 469 693 532 peragit,
713 471 761 517 δε
781 469 956 517 dedicat
977 471 1211 535 templum.
1231 473 1340 521 Haec
1358 473 1461 537 post

166 537 350 585 <macros
382 555 505 602 reges
537 540 664 587 domi
690 540 954 603 militiaeque
988 543 1105 606 gesta
1139 543 1287 606 primo
1322 560 1463 594 anno,

163 609 270 658 Inde
290 611 336 658 P.
351 612 557 663 Valerius
573 613 735 660 iterum
749 650 762 673 ‚
783 613 839 661 Τ.
853 615 1086 661 Lucretius
1114 615 1319 665 consules
1343 617 1463 667 faffi.

230 686 329 732 IX..
349 686 443 732 Jam
473 687 711 751 Tarquinii
743 688 798 735 ad
829 690 1004 736 Lartem
1038 689 1275 738 porsenam
1298 728 1313 751 ,
1343 692 1463 739 Clu-

162 757 310 806 finum
343 776 493 824 regem
516 796 531 820 ‚
566 761 869 826 perfugerant.
902 762 967 810 ibi
989 799 1005 823 ‚
1038 763 1271 812 miscendo
1309 766 1462 813 confi-

161 833 272 880 lium
309 833 550 898 precesque
565 870 580 895 ,
609 852 731 883 nunc
752 838 973 897 orabant,
994 842 1060 885 Ne
1079 840 1130 901 se
1141 876 1158 897 ,
1183 844 1384 888 oriundos
1404 862 1460 889 ex

160 910 384 969 Eemstis,
417 910 598 971 ejusdem
617 912 855 974 simguirzis
882 916 1168 976 nominisque,
1202 933 1357 978 egentes
1387 937 1462 964 ex-

152 986 295 1047 fhlare
316 1001 557 1046 pateretur:
581 1002 706 1033 nunc
730 987 981 1034 monebant
1004 988 1139 1036 etiam
1156 1026 1172 1046 ‚
1200 1010 1251 1036 ne
1267 994 1461 1038 orientem

162 1074 315 1101 morem
340 1060 529 1117 pellendi
556 1075 664 1119 reges
691 1062 870 1105 inultum
885 1060 1056 1124 fineret.
1091 1064 1210 1107 Sacis
1234 1064 1459 1108 libertatem

162 1129 298 1190 iRsam
321 1130 463 1175 habere
483 1132 734 1177 dulcedinis.
764 1133 832 1177 Ni
847 1153 862 1178 ι
876 1167 890 1190 ,
910 1150 1068 1194 quanta
1093 1137 1138 1180 νὶ
1158 1137 1346 1181 civitates
1367 1154 1461 1181 eam

162 1220 386 1264 expetant,
415 1220 536 1250 tanta
560 1222 686 1267 regna
705 1223 814 1268 reges
834 1207 1062 1266 defendant
1077 1243 1092 1265 ,
1112 1212 1266 1269 aequari
1285 1208 1461 1268 stemma

161 1278 337 1336 infimis.
373 1280 491 1323 m'lzil
503 1279 708 1339 exceffitm
721 1313 738 1335 ,
771 1281 887 1325 nihil
897 1314 911 1337 ‚
934 1283 1049 1342 quod
1061 1280 1198 1341 sizpra
1217 1297 1342 1326 cetera
1362 1283 1462 1326 emi--

161 1365 285 1403 neat,
315 1352 362 1395 in
394 1352 637 1396 civitatibus
651 1350 763 1410 fore.
791 1349 942 1417 Adeff}
959 1353 1093 1411 finem
1122 1355 1286 1414 regnis,
1317 1355 1374 1399 rei
1392 1357 1463 1399 in-

159 1438 220 1469 ter
242 1423 367 1468 Deos
392 1423 655 1484 hominesque
679 1426 979 1485 pulcherrimae.
1010 1423 1235 1484 Porsena,
1262 1437 1356 1472 tum
1384 1442 1462 1473 re-

159 1513 261 1560 gem
288 1496 374 1544 effe
402 1497 593 1555 Romae,
624 1510 722 1544 turn
754 1498 952 1546 Etruscae
983 1498 1128 1563 gentis
1154 1516 1334 1564 regem,
1363 1517 1461 1547 am-

158 1571 287 1635 plum
305 1570 464 1619 Tuscis
494 1583 645 1631 ratus,
674 1573 870 1621 Romam
892 1573 1056 1621 infesto
1082 1575 1284 1623 exercitu
1314 1577 1461 1625 venit.

160 1646 273 1691 Non
300 1662 501 1709 unquam
534 1645 641 1693 alias
668 1658 771 1693 ante
805 1658 955 1694 tantus
987 1658 1136 1694 terror
1162 1646 1362 1695 senatum
1391 1648 1461 1695 in·

161 1719 293 1765 vafit.
325 1720 454 1767 Adeo
474 1718 628 1767 valida
651 1735 721 1767 res
742 1731 839 1766 tum
862 1719 1044 1766 Clusma
1065 1733 1187 1780 erat,
1218 1738 1461 1786 magnum-

160 1810 252 1855 que
277 1794 485 1844 Porsena:
517 1811 704 1843 nomen.
735 1811 819 1843 nec
852 1793 1004 1842 hostes
1031 1794 1176 1842 modo
1208 1794 1462 1856 timebant,

162 1864 236 1913 sed
269 1866 465 1915 suosmet
498 1868 579 1931 ipfi
618 1868 779 1927 cive5‚
811 1885 868 1915 ne
897 1869 1106 1916 Romana
1139 1867 1297 1931 plebs,
1334 1882 1460 1917 metu

161 1941 363 2003 perculsa
381 1979 395 2001 ‚
413 1941 605 2004 receptis
626 1941 675 1989 in
699 1943 857 1990 urbem
878 1942 1056 2006 regibus
1069 1978 1084 2002 ,
1100 1942 1175 1990 vel
1197 1959 1302 1991 cum
1319 1942 1460 1991 servi-

161 2024 258 2059 tute
278 2031 430 2076 pacem
454 2016 691 2078 acciperet.
718 2015 861 2062 Multa
887 2015 1024 2079 igitur
1039 2015 1346 2065 blandimenta
1364 2016 1460 2081 ple-

160 2085 208 2132 bi
247 2103 327 2149 per
366 2088 414 2134 id
450 2101 626 2150 tempus
656 2089 712 2136 ab
743 2089 897 2135 senatu
931 2088 1044 2135 data.
1079 2104 1276 2136 annonae
1314 2089 1460 2152 inpri-

160 2158 246 2204 mis
280 2160 429 2206 habita
459 2177 597 2220 cura,
628 2163 679 2209 &
713 2162 769 2208 ad
796 2161 1074 2209 frumentum
1103 2164 1458 2226 comparandum

160 2230 307 2289 misti,
336 2232 412 2277 alii
449 2232 493 2277 in
532 2233 728 2281 Volscos
748 2270 765 2291 ,
799 2233 873 2280 alii
905 2234 1087 2282 Cumas.
1125 2234 1238 2281 Salis
1274 2252 1460 2300 quoque

162 2305 391 2353 vendendi
422 2306 690 2365 arbitrium,
717 2307 823 2371 quia
842 2307 1046 2370 impenso
1067 2309 1216 2371 pretio
1244 2310 1459 2370 venibat,

162 2378 211 2426 in
245 2378 478 2441 publicum
501 2380 630 2427 omni
657 2380 803 2428 sumtu
819 2417 835 2438 ,
858 2381 1083 2429 ademtum
1111 2382 1457 2445 privatisa=Por-

162 2452 382 2517 toi-iisque
403 2456 452 2503 ὃς
471 2454 643 2502 tributo
664 2455 817 2518 plebes
838 2455 1021 2503 liberata
1036 2493 1050 2516 ‚
1074 2468 1126 2504 ut
1155 2458 1322 2507 divites
1344 2476 1457 2507 con-

162 2521 361 2584 ferrent,
396 2525 475 2590 qui
507 2527 637 2575 oneri
668 2526 862 2577 ferendo
895 2529 1064 2577 ess'ent:
1099 2547 1317 2596 pauperes
1353 2532 1459 2582 satis
