1582 2793
163 171 255 239 2144
514 168 1087 221 T1T1L1v11

156 287 397 354 widiaestm.
437 289 487 333 Si
516 287 609 348 quis
637 283 736 344 usus
764 284 843 328 mei
867 282 940 349 est‘,
961 279 1096 325 nihilo
1126 275 1267 323 minor
1291 292 1345 322 ex
1362 276 1462 337 pri·-

158 382 258 413 vato
285 367 479 426 capiemr.
515 364 579 407 Ita
605 360 759 406 decem
788 372 982 404 numero
1010 353 1223 401 tribunos
1245 350 1463 399 militares

157 449 326 486 creant.
352 437 511 501 Ne‘que
531 435 578 480 in
598 433 771 480 Sabinis
793 429 970 494 quievit
990 427 1228 476 exercitus.
1254 425 1317 472 ibi
1340 440 1464 488 quo-

159 528 275 576 que,
297 511 479 557 auctore
502 507 630 556 Icilio
658 502 1049 565 Numitorioque,
1077 499 1260 546 seceffio
1294 497 1350 544 ab
1381 495 1462 542 de-

159 583 375 633 cemviris
407 582 519 629 facia
558 579 650 636 est,
682 594 776 623 non
816 573 994 622 minore
1033 584 1165 619 motu
1205 571 1465 618 animorum

161 657 298 705 Siccii
322 657 455 703 caedis
483 651 702 700 memoria
725 659 972 705 revocata,
1001 662 1137 708 quam
1171 660 1308 707 quem
1336 658 1466 692 nova

120 732 123 735 ’
159 732 281 779 fama
308 732 362 778 de
384 730 560 792 virgine
589 726 703 773 adeo
732 724 855 770 foede
882 723 936 768 ad
958 720 1194 766 libidinem
1221 718 1360 781 petita
1387 736 1468 766 ac-

159 806 388 854 cenderat.
430 802 580 849 Icilius
615 799 692 845 ubi
721 796 921 855 audivit,
949 795 1162 842 tribunos
1190 792 1387 839 militum
1417 792 1466 840 in

162 878 400 927 Aventino
427 888 602 924 creatos
619 909 633 931 ‚
659 890 715 918 ne
738 870 1035 918 comitiorum
1061 868 1323 915 militarium
1353 883 1468 930 prae-

161 952 420 1016 rogativam
455 948 625 995 urbana
663 944 852 992 comitia
887 941 1045 990 iisdem
1083 940 1279 989 tribunis
1318 940 1466 1004 plebis

161 1024 368 1074 creandis
411 1022 733 1085 sequerentur,
770 1017 941 1080 peritus
981 1033 1131 1063 rerum
1175 1014 1470 1078 popularium

161 1095 490 1159 imminensque
513 1095 554 1140 ei
574 1089 785 1155 potestati
802 1125 815 1147 ‚
844 1092 893 1136 &
914 1087 1005 1150 ipse
1037 1087 1162 1150 prius
1179 1123 1193 1145 ,
1219 1104 1355 1150 quam
1378 1086 1466 1133 ire-

161 1184 236 1218 tur
262 1169 316 1216 ad
339 1168 525 1223 urbem,
547 1164 645 1228 pari
673 1162 892 1227 potestate
922 1161 1116 1208 eundem
1146 1157 1465 1208 numerum-ali

160 1245 249 1294 suis
281 1242 526 1292 creandum
563 1249 702 1286 curat.
740 1238 878 1284 Porta
908 1235 1095 1282 Collina
1130 1235 1289 1282 urbem
1322 1235 1468 1282 intra-

163 1336 274 1367 vere
311 1316 390 1364 sub
423 1313 587 1378 signis,
613 1310 851 1373 mediaque
877 1309 988 1356 urbe
1017 1308 1194 1371 agmine
1226 1309 1275 1356 in
1306 1312 1468 1356 Aven-

160 1394 309 1441 tinum
336 1398 544 1454 pergunt.
582 1385 676 1444 ibi,
698 1382 930 1446 conjunffi
958 1383 1085 1430 alteri
1113 1382 1368 1441 exercitui,
1389 1382 1468 1431 vi-

163 1465 280 1532 ginti
316 1461 511 1510 tribunis
543 1459 739 1506 militum
776 1458 1011 1522 negotium
1051 1457 1302 1515 dederunt,
1331 1468 1381 1503 ut
1409 1472 1471 1503 ex

164 1539 245 1585 suo
265 1551 455 1584 numero
478 1533 591 1580 duos
617 1542 851 1590 crearent,
874 1531 953 1594 qui
978 1530 1161 1577 summae
1181 1547 1330 1577 rerum
1349 1545 1468 1593 prae-

165 1612 318 1659 essent.
347 1611 413 1656 M.
434 1607 670 1671 Oppium,
696 1607 800 1651 Sex.
819 1604 1061 1652 Manilium
1083 1615 1250 1651 creant.
1282 1604 1434 1650 Patres
1450 1639 1467 1663 ‚

166 1684 349 1733 solliciti
370 1683 424 1729 de
443 1681 614 1728 summa
638 1695 788 1726 rerum
802 1715 815 1739 ‚
835 1696 938 1725 cum
967 1677 1142 1725 senatus
1173 1676 1378 1742 quotidie
1400 1676 1471 1724 es-

167 1761 259 1820 set,
283 1758 440 1823 jurgiis
474 1754 634 1818 saepius
661 1764 813 1801 terunt
847 1765 1023 1815 tempus
1041 1787 1054 1809 ,
1081 1768 1217 1815 quam
1251 1750 1468 1798 confiliis.

167 1834 304 1881 Siccii
331 1830 475 1880 caedes
506 1826 799 1885 decemviris,
817 1827 868 1873 &
893 1823 1102 1888 Appiana
1127 1822 1299 1881 libido,
1320 1823 1372 1870 &
1389 1823 1471 1868 de·-

167 1909 334 1955 decora
366 1904 539 1952 militiae
572 1901 923 1965 objiciebantur.
972 1899 1206 1958 Placebat,
1234 1898 1470 1946 Valerium

169 1980 509 2042 Horatiumque
530 1977 595 2023 ire
614 1977 662 2043 in
681 1975 978 2026 Aventinum.
1004 1973 1070 2020 illi
1089 1973 1313 2038 negabant
1331 1972 1373 2020 se
1393 1973 1472 2027 ali-2

167 2067 236 2101 ter
270 2053 442 2109 ituros,
464 2068 601 2115 quam
626 2050 659 2097 fi
691 2047 939 2098 decemviri
968 2047 1253 2109 deponerent
1278 2045 1470 2110 insignia

166 2125 445 2190 magistratus
468 2123 561 2186 ejus
578 2161 592 2183 ,
620 2141 715 2189 quo
744 2139 867 2171 anno
891 2121 982 2185 jam
1012 2133 1116 2169 ante
1136 2119 1335 2167 abissent.
1367 2122 1470 2166 De-

169 2198 388 2257 cemviri,
411 2210 649 2261 querentes
679 2197 720 2245 se
748 2197 793 2243 in
822 2196 1030 2243 ordinem
1057 2194 1191 2258 cogi,
1213 2210 1308 2240 non
1337 2205 1472 2250 ante,

168 2292 305 2339 quam
334 2273 513 2337 perlatis
544 2273 743 2336 legibus,
764 2289 956 2335 quarum
985 2269 1112 2318 causa
1136 2268 1272 2317 creati
1302 2267 1470 2327 essent,

170 2347 456 2411 deposituros
492 2345 731 2408 imperium
763 2344 804 2390 se
838 2344 1029 2406 ajebant.

238 2423 326 2467 Lil.
364 2424 446 2465 Per
483 2409 555 2466 M(
578 2419 821 2475 Duilium‚
852 2419 931 2480 qui
958 2418 1170 2464 'tribunus
1199 2414 1341 2479 plebis
1372 2412 1472 2460 fue-

170 2506 237 2541 rat
253 2529 268 2554 ,
291 2493 459 2542 certior
479 2492 590 2541 facta
617 2492 744 2557 plebs
762 2526 777 2551 ,
798 2491 1175 2538 contentionibus
1204 2486 1381 2534 afliduis
1402 2485 1471 2532 ni·
