1680 2803
281 140 357 173 ΧΧ
663 129 1237 179 TITILIVII

278 238 437 297 versam
464 235 677 304 historiam
710 241 756 284 irz
784 241 1031 299 Epitomen‚
1052 245 1145 299 vel,
1166 257 1213 287 ut
1239 243 1369 288 latine
1389 247 1564 306 loquar,

278 324 323 366 iii
343 322 604 368 Breviarium
624 325 848 368 contraxit.
864 326 922 368 ld
938 322 1231 372 &politianus
1252 328 1352 372 olim
1369 329 1429 372 ita
1446 330 1565 374 libere

278 406 399 450 nobis
421 407 662 450 concedebat
677 439 691 463 ‚
705 421 751 451 ut
769 408 946 472 nostram
973 425 1128 467 quoque
1156 411 1422 470 diligentiam
1445 427 1564 471 mrig-

276 506 422 548 nopere
453 490 756 533 commendaret
775 490 821 533 in
841 491 1130 549 perquirendis
1161 506 1280 552 atque
1308 495 1565 538 examinan-

275 573 306 615 d
311 573 342 614 ,ῖς
371 586 545 616 veterum
580 573 869 618 monumentis.

342 663 487 711 Causa
522 681 665 728 porro
699 665 835 712 amiffi
868 666 979 713 tanti
1011 667 1161 731 operis
1191 669 1308 717 haud
1339 671 1421 718 alia
1454 672 1566 732 fuit,

273 764 407 811 quam
441 747 758 812 magnitudinis
789 749 980 809 ejusdem
1011 752 1182 810 moles,
1211 754 1273 800 ob
1304 771 1434 818 quam
1468 772 1563 802 non

276 847 435 877 omnes
471 830 584 877 illud
620 830 864 881 describere
901 844 1143 895 poteran13
1177 835 1365 899 egestate
1398 855 1567 901 paupe-

272 931 364 970 res,
382 912 567 962 avaritia
587 913 751 962 divites
770 914 988 979 impediti.
1010 918 1169 978 Qualis
1189 920 1331 979 enim,
1351 937 1402 967 ac
1422 937 1564 983 quan-

276 1011 319 1044 ta
343 996 437 1060 ejus
468 997 731 1062 magnitudo
758 999 892 1057 effet,
912 1001 987 1049 vel
1015 1018 1071 1048 ex
1096 1002 1303 1050 Martiale
1329 1002 1564 1064 discimus,

275 1081 371 1128 haec
402 1093 619 1129 canente:

408 1214 596 1260 Pellibus
616 1216 782 1277 exiguis
804 1214 987 1262 arc'Zatur
1002 1217 1150 1263 Livius
1169 1219 1314 1279 ingens
1325 1253 1340 1276 ‚

473 1294 611 1355 Quem
628 1313 718 1340 mea
736 1297 816 1341 vix
833 1310 964 1341 totum
986 1298 1246 1346 Bibliotheca
1265 1303 1391 1361 capit.

284 1462 286 1464 μ
339 1427 523 1474 Jacrurae
543 1425 679 1488 hujus.
694 1425 749 1474 ‚in
770 1425 898 1474 causa
918 1426 1091 1475 invidia
1108 1429 1271 1492 pariter
1286 1418 1371 1487 ,'&
1390 1429 1563 1492 impro-

278 1510 386 1555 bitas
420 1510 637 1573 Caligulae
667 1509 854 1557 Caesaris
886 1509 1004 1567 fuit;
1041 1512 1207 1576 quippe
1241 1512 1319 1576 qui
1354 1512 1411 1560 T.
1441 1512 1562 1560 Livii

275 1591 533 1652 Historiam,
551 1608 647 1638 non
662 1592 785 1640 secus
805 1610 854 1640 ac
877 1595 1078 1640 Maronis
1102 1608 1329 1657 poemata,
1346 1611 1450 1642 cum
1467 1613 1564 1644 auc·

274 1689 430 1723 torum
466 1675 731 1739 imaginibus
765 1693 789 1722 e
823 1676 976 1722 medio
1010 1676 1111 1722 tolli
1143 1675 1289 1739 juffit,
1324 1689 1373 1724 ut
1407 1678 1562 1726 alienis

275 1759 480 1805 laudibus
514 1757 792 1816 obscuratis,
818 1759 1001 1822 propria
1033 1759 1141 1806 vitae
1177 1759 1337 1808 scelera
1371 1761 1562 1826 caligine

274 1853 596 1905 premerentur.
627 1841 770 1901 Quod
790 1842 957 1889 incestu
984 1842 1079 1905 pari
1096 1843 1343 1890 monstrum
1369 1844 1560 1893 alterum

276 1923 476 1970 hominis
490 1924 779 1972 Domitianus
793 1925 1045 1983 attentavit,
1062 1938 1110 1972 ut
1128 1927 1205 1990 qui
1222 1927 1413 1974 Metium
1427 1929 1561 1975 Pom·

276 2007 510 2068 postanum
540 2008 603 2053 ob
636 2008 684 2054 id
711 2009 860 2055 occidi
893 2008 1141 2067 mandarit,
1165 2009 1386 2073 (auctore
1415 2011 1562 2058 Tran-

276 2086 449 2152 quillo)
461 2089 585 2152 quod
605 2089 778 2152 Regum
797 2108 848 2137 ac
865 2092 1048 2138 Ducum
1066 2092 1315 2140 conciones
1333 2092 1561 2156 quasdam,

278 2171 535 2233 depromtas
565 2187 589 2216 e
623 2173 787 2231 Livio,
816 2171 1139 2221 circumferret.
1361 2161 1363 2165 ¹

343 2266 472 2313 Nihil
492 2266 589 2312 sane
609 2267 745 2327 Livio
766 2269 974 2331 grandius
988 2304 1003 2327 ,
1022 2268 1134 2315 nihil
1155 2269 1348 2318 uberius.
1376 2271 1559 2337 Caligu-

279 2348 318 2396 la
350 2363 497 2397 tamen
529 2350 732 2396 laborem
763 2351 875 2397 tanti
910 2350 1087 2414 legendi
1116 2354 1266 2415 operis
1293 2371 1409 2418 aegre
1438 2353 1562 2401 susti-

278 2448 387 2480 nens
403 2469 414 2491 ‚
437 2433 542 2480 dum
568 2432 614 2479 in
642 2433 685 2479 id
708 2432 986 2481 incumberet
1006 2467 1020 2492 ,
1039 2438 1249 2497 verbosum
1280 2436 1404 2483 illum
1430 2437 1555 2483 iden·
