1680 2803
552 170 674 216 VI
724 169 862 215 TA.
1265 181 1358 214 xm

73 282 211 333 tidem
231 279 495 344 appellabat.
514 276 713 325 Eandem
738 276 800 323 ob
821 275 993 324 causam
1014 275 1190 322 Asinius
1211 275 1364 322 Pollio

70 369 404 416 Patavinitacem
431 379 533 409 eum
562 360 640 407 fibi
664 359 815 422 sapere
842 359 1101 407 affirmabat.
1138 359 1366 406 Nimirum

76 450 315 496 delicatum
336 444 534 493 Romani
557 444 755 492 hominis
777 442 972 507 palatum
990 478 1003 500 ‚
1025 441 1260 488 videbatur
1285 442 1366 488 fibi

78 531 249 596 aliquid
277 529 437 578 sentire
453 565 465 584 ‚
487 528 614 592 quod
636 544 731 575 non
757 526 1071 590 usquequaque
1097 524 1268 586 saperet
1289 541 1366 588 ge-

77 615 205 662 nium
229 612 426 660 Romani
453 610 685 657 sermonis.
718 611 876 670 Neque
894 608 1015 654 enim
1040 607 1169 652 nobis
1190 606 1263 652 hic
1283 624 1367 653 au·

78 698 267 745 diendus
286 696 346 743 est
359 692 864 750 Keckermannus‚inde
882 690 1120 756 colligens,
1139 690 1371 753 reprehen-

79 780 178 830 sum
207 779 264 827 ab
289 778 444 826 Afinio
473 775 599 822 fuiffe
625 775 855 824 sublimem
881 774 1004 822 Livii
1035 773 1180 820 stilum
1204 792 1214 820 :
1242 787 1292 820 ut
1319 775 1371 821 &

84 880 110 912 a
137 863 303 909 Seneca
323 861 400 908 lib.
422 861 439 906 Ι
459 860 512 907 de
532 861 624 918 Ira,
645 875 741 922 cap.
766 858 930 905 ultimo
947 894 964 915 ,
982 859 1031 905 &
1052 857 1105 904 de
1126 856 1370 921 Tranquil-

83 946 207 994 litate
242 961 339 1008 cap.
384 945 463 992 IX.
509 943 626 992 Nam
653 941 788 1005 longe
819 940 942 988 aliud
979 941 1192 988 Senecam
1221 941 1370 999 velle,

85 1027 348 1076 diffitebitur
371 1043 533 1086 nemo,
554 1025 632 1090 qui
655 1025 794 1074 verba
818 1022 914 1086 ejus
936 1024 1174 1071 attenderit
1190 1061 1202 1082 ,
1227 1037 1276 1070 ut
1296 1040 1372 1070 ac-

86 1110 353 1160 curatiffime
391 1109 580 1157 attendit
613 1107 838 1155 Gerardus
873 1108 937 1154 Jo.
973 1107 1152 1154 Voffius
1188 1107 1234 1153 in
1268 1107 1374 1152 alias

88 1193 278 1242 laudatis
298 1192 416 1239 libro
442 1193 492 1240 &
514 1191 657 1255 capite
684 1191 738 1238 de
762 1189 1000 1237 Historicis
1028 1189 1208 1237 Latinis.
1247 1189 1375 1250 Quin

85 1277 228 1325 immo
259 1292 316 1323 ex
339 1278 628 1323 Patavinitate
660 1273 800 1320 Livio
821 1271 994 1333 objesta
1009 1308 1020 1325 ‚
1041 1289 1136 1319 non
1157 1271 1376 1320 invidiam

88 1362 140 1408 &
160 1358 482 1406 detraffionem
496 1393 509 1416 ,
527 1356 599 1404 sed
618 1356 795 1403 laudem
813 1373 863 1403 ac
882 1355 1071 1419 gloriam
1091 1355 1237 1401 eidem
1259 1371 1375 1402 cou-

89 1442 231 1491 ciliari
252 1440 376 1505 posse
394 1477 408 1498 ‚
428 1457 530 1488 cum
548 1439 803 1487 ai1&0ribus
830 1438 925 1486 aliis
956 1436 1228 1485 affirmarim.
1261 1438 1379 1483 Nam

92 1542 144 1573 ea
163 1525 217 1572 de
242 1522 370 1573 causa
390 1523 540 1571 Pollio
557 1527 886 1570 Patavinitacem
909 1521 1044 1569 Livio
1067 1513 1276 1583 objecisse
1297 1537 1380 1583 pu-

94 1608 253 1656 tandus
281 1606 370 1663 est,
395 1618 445 1653 ut
467 1623 570 1654 eum
598 1607 731 1654 tacite
751 1605 1019 1654 Patavinum
1037 1604 1122 1651 effe
1143 1603 1354 1666 proderet
1368 1638 1380 1657 ‚

95 1692 146 1739 &
167 1689 493 1754 Pompejanum
517 1688 644 1736 fuiffe
669 1689 845 1754 liquido
871 1687 1193 1737 demonstraret
1209 1721 1224 1745 ,
1243 1687 1382 1732 Pom·

94 1773 381 1837 pejanitatem
412 1772 722 1821 Patavinitatis
753 1771 941 1819 nomine
978 1769 1410 1834 comprehendensm

96 1859 262 1904 Favere
289 1854 456 1903 scilicet
485 1854 705 1918 Pompejo
731 1857 781 1903 &
807 1853 1088 1919 Reipublicae
1124 1850 1242 1899 celso
1273 1851 1381 1897 sem·

99 1954 180 2001 per
210 1938 364 1985 animo
403 1936 625 1984 Patavini.
681 1939 833 1997 Quam
871 1938 934 1984 ob
968 1935 1139 1984 causam
1177 1935 1384 1981 Patavini

102 2018 292 2085 (inquit
321 2021 502 2066 Marcus
530 2018 734 2078 Tullius,
761 2019 815 2066 de
841 2017 1100 2066 Caesarianis
1133 2016 1207 2064 seu
1234 2019 1384 2063 Anto-

100 2101 245 2149 nianis
268 2100 489 2165 loquens)
512 2106 620 2148 alios
639 2104 918 2164 excluserunt,
940 2105 1049 2148 alios
1072 2101 1267 2160 ejeceram
1286 2101 1384 2161 mis-

91 2186 170 2247 sos
199 2187 252 2230 ab
270 2188 462 2232 Antonio
478 2221 492 2244 ,
511 2189 691 2247 pecunia
708 2217 723 2240 ,
752 2187 980 2242 militibus,
1001 2182 1043 2231 δ’
1067 2187 1179 2246 qaod
1201 2188 1383 2246 maxima:

104 2270 259 2326 deerat,
284 2269 414 2315 armis
433 2270 589 2334 nqstsos
608 2272 730 2316 duces
746 2268 1006 2338 adssuverum.
1029 2267 1156 2326 Quin
1176 2267 1225 2314 &
1245 2267 1382 2312 Thra-

104 2347 218 2396 seam
235 2384 251 2406 ,
267 2349 534 2398 patavinum
556 2350 705 2398 civem
726 2368 812 2398 una
833 2368 936 2399 cum
957 2349 1172 2397 Helvidio
1195 2365 1361 2411 genem
1377 2383 1388 2398 ,

108 2430 299 2479 natalem
324 2431 438 2479 diem
453 2468 469 2490 ,
492 2444 588 2481 tum
606 2433 834 2499 utriusque
861 2433 986 2482 Bruti
1001 2468 1015 2492 ,
1035 2443 1128 2479 tum
1149 2430 1282 2478 Caffii
1308 2430 1388 2476 hac

1014 2514 1101 2573 1³3
