1582 2793
287 194 901 244 HtsTorztARUM
952 193 1089 242 ΗΒ.
1134 195 1169 243 1.
1334 197 1392 262 σς

93 313 239 368 toque
257 341 271 363 ‚
300 304 504 368 equitum
526 319 583 349 ex
606 298 886 365 primoribus
923 302 1123 351 civitatis
1151 303 1399 352 duodecim

92 375 266 440 scripsit
285 376 528 424 centurias.
559 374 646 420 Sex
670 373 778 419 item
799 373 904 421 alias
926 377 1151 422 centurias
1176 377 1319 424 tribus
1340 378 1399 425 ab

91 447 297 497 Romulo
333 449 549 496 institutis
581 447 662 493 sub
695 445 849 493 iisdem
874 481 888 506 ‚
920 446 1084 511 quibus
1117 449 1403 514 inauguratae

91 536 220 570 erant
233 559 245 579 ‚
263 522 525 570 nominibus
548 520 667 568 fecit.
694 521 763 567 Ad
782 537 925 585 equos
944 522 1160 568 emendos
1178 525 1291 571 dena
1306 526 1402 572 mil·

93 593 153 641 lia
181 595 280 643 aeris
310 612 365 641 ex
391 594 579 657 publico
603 595 728 650 data;
761 594 837 652 δέ,
857 592 1024 655 quibus
1043 609 1188 658 equos
1207 595 1402 657 alerent,

93 669 247 717 viduae
267 669 495 716 attributae
512 705 525 724 ,
548 685 649 730 quae
676 667 782 713 bina
804 666 946 713 millia
968 667 1065 714 aeris
1084 667 1129 714 in
1150 685 1296 716 annos
1318 672 1405 718 sin-

96 743 231 806 gulos
255 743 518 805 penderent.
552 742 662 787 Haec
684 738 837 787 omnia
865 739 913 785 in
938 739 1051 786 dites
1072 749 1097 788 a
1123 744 1404 807 pauperibus

95 813 313 863 inclinata
334 832 489 861 onera.
509 813 692 861 Deinde
709 813 769 860 est
789 814 941 860 honos
961 815 1150 863 additus.
1171 834 1268 864 non
1282 818 1406 866 enim

96 887 180 953 (ut
205 889 261 934 ab
283 887 491 934 Romulo
520 886 731 933 traditum
757 886 894 933 ceteri
920 886 1217 937 servaverant
1245 893 1408 956 reges)

94 963 271 1009 viritim
293 960 550 1026 suffragium
573 961 727 1008 eadem
753 961 801 1008 vi
824 962 1080 1028 eodemque
1107 964 1204 1026 jure
1230 969 1406 1030 promi-

95 1036 198 1084 scue
231 1036 444 1083 omnibus
480 1036 629 1081 datum
669 1034 761 1082 est:
795 1035 869 1081 sed
898 1037 1061 1100 gradus
1082 1038 1213 1098 faffi,
1245 1053 1297 1087 ut
1325 1059 1408 1090 ne-

94 1127 184 1173 que
218 1109 425 1157 exclusus
461 1107 695 1172 quisquam
729 1108 939 1173 suffragio
973 1111 1232 1172 videretur,
1259 1116 1309 1162 &
1332 1116 1406 1165 vis

97 1183 249 1231 omnis
271 1198 408 1245 penes
437 1181 554 1245 prin⁵
546 1197 661 1228 ores
697 1180 894 1229 civitatis
918 1182 1037 1230 effer.
1072 1184 1257 1267 Equites
1281 1186 1404 1235 enim

96 1258 388 1306 vocabantur
424 1256 590 1320 primi·
580 1291 593 1312 ‚
640 1255 875 1320 oiioginta
918 1255 1022 1302 inde
1060 1258 1219 1320 primae
1260 1261 1407 1311 claffis

97 1329 440 1378 centuriae:·ibi
470 1329 501 1375 si
522 1326 722 1374 variaret
740 1363 754 1386 ‚
753 1294 912 1391 equod
939 1346 1040 1376 raro
1070 1331 1329 1393 incidebat,
1353 1347 1405 1382 ut

96 1403 309 1450 secundae
346 1402 488 1449 claffis
523 1391 829 1448 vocarentur:
862 1419 945 1450 nec
974 1402 1074 1450 fere‘
1094 1411 1297 1469 unquam
1327 1408 1405 1455 in·-

94 1475 165 1524 fra
204 1476 265 1522 ita
303 1474 657 1534 descenderent,
694 1487 745 1521 ut
776 1476 832 1522 ad
868 1476 1051 1525 infimos
1088 1481 1404 1542 pervenirent.

96 1552 195 1598 Nec
219 1550 371 1598 mirari
392 1561 607 1613 oportet,
636 1551 756 1598 hunc
784 1552 995 1599 ordinem
1015 1589 1028 1613 ,
1054 1555 1133 1618 qui
1161 1573 1284 1602 nunc
1310 1557 1404 1616 est,

95 1624 200 1690 post
231 1624 430 1687 expletas
457 1623 660 1688 quinque
687 1626 736 1672 &
759 1625 942 1689 triginta
963 1628 1134 1687 tribus,
1167 1630 1405 1694 duplicato

96 1714 251 1744 earum
284 1713 507 1759 numero,
545 1697 761 1744 centuriis
791 1697 1026 1761 juniorum
1050 1699 1406 1768 seniorumque,

97 1770 153 1817 ad
183 1769 430 1815 institutam
463 1769 519 1816 ab
545 1770 636 1817 Ser.
659 1770 816 1817 Tullio
853 1770 1070 1820 summam
1101 1791 1199 1822 non
1225 1792 1403 1823 conve·

98 1843 211 1890 nire.
249 1841 566 1908 quadrifariam
588 1845 706 1891 enim
729 1845 839 1892 urbe
858 1845 999 1894 divisa
1020 1848 1284 1912 regionibus
1304 1850 1403 1898 col·

96 1916 306 1982 libusque
321 1955 334 1976 ,
360 1935 463 1981 quae
489 1918 804 1965 habitabantur
831 1932 977 1983 partes
998 1958 1012 1980 ‚
1030 1922 1204 1971 ,Tribus
1226 1940 1298 1972 eas
1318 1942 1403 1989 ap-

96 1991 319 2055 pellavit,
356 2004 406 2037 ut
438 2008 526 2054 ego
567 1993 796 2051 arbitror,
833 1994 890 2040 ab
916 1994 1126 2042 tributo:
1164 2014 1269 2044 nam
1305 1998 1405 2061 ejus

98 2080 287 2127 quoque
319 2064 555 2128 aequaliter
589 2082 645 2111 ex
679 2065 814 2112 censu
844 2067 1113 2116 conferendi
1144 2070 1200 2116 ab
1235 2073 1402 2122 eodem

94 2135 205 2184 inita
224 2136 339 2183 ratio
370 2137 446 2185 est.
484 2140 644 2203 Neque
665 2140 735 2186 hae
753 2141 894 2188 tribus
917 2142 973 2188 ad
999 2145 1310 2193 centuriarum
1330 2147 1402 2194 di-

96 2212 415 2259 stributionem
444 2230 776 2279 numerumque
803 2215 1047 2281 quidquam
1073 2219 1346 2281 pertinuere.

164 2287 327 2334 XLIV.
362 2287 514 2334 Censu
542 2287 742 2351 perfecto
762 2326 776 2348 ‚
812 2307 948 2354 quem
977 2304 1286 2340 maturaverat
1307 2310 1402 2340 me-

94 2372 146 2408 tu
166 2360 274 2424 legis
292 2360 345 2408 de
363 2362 553 2410 incensis
572 2364 666 2410 latae
686 2381 791 2411 cum
808 2365 1105 2413 vinculorum
1124 2370 1257 2415 minis
1275 2385 1404 2414 mor-

96 2433 242 2498 tisque
257 2470 272 2492 ‚
294 2435 462 2494 edixit,
484 2449 533 2483 ut
551 2454 711 2486 omnes
729 2439 851 2485 cives
874 2440 1102 2499 Romani,
1132 2443 1307 2505 equites
1326 2459 1406 2505 pe-

97 2507 328 2571 ditesque,
350 2509 396 2555 in
415 2509 499 2556 suis
528 2510 716 2577 quisque
747 2515 993 2575 centuriis,
1015 2515 1063 2561 in
1093 2530 1258 2580 campo
1278 2517 1404 2579 Mar-3

167 2585 216 2631 T.
233 2586 328 2633 Liv.
363 2589 461 2633 Vol.
477 2588 517 2634 I.
1064 2590 1101 2635 E
