<?xml version="1.0" encoding="UTF-8"?>
<!DOCTYPE html PUBLIC "-//W3C//DTD XHTML 1.0 Transitional//EN"
    "http://www.w3.org/TR/xhtml1/DTD/xhtml1-transitional.dtd">
<html xmlns="http://www.w3.org/1999/xhtml" xml:lang="en" lang="en">
 <head>
  <title>
</title>
<meta http-equiv="Content-Type" content="text/html;charset=utf-8" />
  <meta name='ocr-system' content='tesseract 3.04.00' />
  <meta name='ocr-capabilities' content='ocr_page ocr_carea ocr_par ocr_line ocrx_word'/>
</head>
<body>
  <div class='ocr_page' id='page_1' title='image "./historiarumlibri01livyuoft_0334.png"; bbox 0 0 1582 2793; ppageno 0'>
   <div class='ocr_carea' id='block_1_1' title="bbox 155 158 1068 219">
    <p class='ocr_par' dir='ltr' id='par_1_1' title="bbox 155 158 1068 219">
     <span class='ocr_line' id='line_1_1' title="bbox 155 158 1068 219; baseline 0.002 -15"><span class='ocrx_word' id='word_1_1' title='bbox 155 172 244 219; x_wconf 82' lang='lat'><strong>170</strong></span> <span class='ocrx_word' id='word_1_2' title='bbox 502 158 1068 206; x_wconf 79' lang='lat' dir='ltr'>T1T1L1V11</span> 
     </span>
    </p>
   </div>
   <div class='ocr_carea' id='block_1_2' title="bbox 103 264 1445 2532">
    <p class='ocr_par' dir='ltr' id='par_1_2' title="bbox 103 264 1443 1853">
     <span class='ocr_line' id='line_1_2' title="bbox 145 264 1433 331; baseline 0.001 -20"><span class='ocrx_word' id='word_1_3' title='bbox 145 266 279 323; x_wconf 87' lang='lat' dir='ltr'><strong>dem,</strong></span> <span class='ocrx_word' id='word_1_4' title='bbox 315 264 718 331; x_wconf 81' lang='lat' dir='ltr'><strong>(quandoquidem</strong></span> <span class='ocrx_word' id='word_1_5' title='bbox 754 268 1056 331; x_wconf 62' lang='lat' dir='ltr'><strong>nihilspraeter</strong></span> <span class='ocrx_word' id='word_1_6' title='bbox 1089 280 1264 329; x_wconf 83' lang='lat' dir='ltr'><strong>tempus</strong></span> <span class='ocrx_word' id='word_1_7' title='bbox 1295 274 1433 313; x_wconf 61' lang='lat' dir='ltr'><strong>noxSae</strong></span> 
     </span>
     <span class='ocr_line' id='line_1_3' title="bbox 103 334 1431 401; baseline 0.001 -19"><span class='ocrx_word' id='word_1_8' title='bbox 103 399 106 401; x_wconf 64' lang='lat'><strong>,</strong></span> <span class='ocrx_word' id='word_1_9' title='bbox 144 334 459 400; x_wconf 84' lang='lat' dir='ltr'><strong>lucrarentur)</strong></span> <span class='ocrx_word' id='word_1_10' title='bbox 495 337 666 385; x_wconf 63' lang='lat' dir='ltr'><strong>rer-niss&#39;a</strong></span> <span class='ocrx_word' id='word_1_11' title='bbox 700 339 962 398; x_wconf 83' lang='lat' dir='ltr'><strong>concione,</strong></span> <span class='ocrx_word' id='word_1_12' title='bbox 991 339 1075 385; x_wconf 85' lang='lat' dir='ltr'><strong>iter</strong></span> <span class='ocrx_word' id='word_1_13' title='bbox 1095 338 1140 384; x_wconf 86' lang='lat' dir='ltr'><strong>in</strong></span> <span class='ocrx_word' id='word_1_14' title='bbox 1173 337 1431 401; x_wconf 76' lang='lat' dir='ltr'><strong>sequentem</strong></span> 
     </span>
     <span class='ocr_line' id='line_1_4' title="bbox 145 409 1431 475; baseline 0.001 -19"><span class='ocrx_word' id='word_1_15' title='bbox 145 409 266 456; x_wconf 84' lang='lat' dir='ltr'><strong>diem</strong></span> <span class='ocrx_word' id='word_1_16' title='bbox 291 410 578 474; x_wconf 87' lang='lat' dir='ltr'><strong>pronuntiari</strong></span> <span class='ocrx_word' id='word_1_17' title='bbox 610 428 715 458; x_wconf 88' lang='lat' dir='ltr'><strong>cum</strong></span> <span class='ocrx_word' id='word_1_18' title='bbox 744 411 951 473; x_wconf 78' lang='lat' dir='ltr'><strong>juffiffet,</strong></span> <span class='ocrx_word' id='word_1_19' title='bbox 984 413 1127 475; x_wconf 85' lang='lat' dir='ltr'><strong>prima</strong></span> <span class='ocrx_word' id='word_1_20' title='bbox 1157 412 1256 458; x_wconf 88' lang='lat' dir='ltr'><strong>luce</strong></span> <span class='ocrx_word' id='word_1_21' title='bbox 1286 410 1431 458; x_wconf 85' lang='lat' dir='ltr'><strong>claffi-</strong></span> 
     </span>
     <span class='ocr_line' id='line_1_5' title="bbox 145 483 1429 549; baseline 0 -19"><span class='ocrx_word' id='word_1_22' title='bbox 145 500 205 530; x_wconf 93' lang='lat' dir='ltr'><strong>co</strong></span> <span class='ocrx_word' id='word_1_23' title='bbox 224 483 394 548; x_wconf 73' lang='lat' dir='ltr'><strong>fignum</strong></span> <span class='ocrx_word' id='word_1_24' title='bbox 421 483 716 547; x_wconf 57' lang='lat' dir='ltr'><strong>profectionis</strong></span> <span class='ocrx_word' id='word_1_25' title='bbox 742 484 877 531; x_wconf 85' lang='lat' dir='ltr'><strong>dedit.</strong></span> <span class='ocrx_word' id='word_1_26' title='bbox 909 487 1025 532; x_wconf 85' lang='lat' dir='ltr'><strong>Cum</strong></span> <span class='ocrx_word' id='word_1_27' title='bbox 1054 485 1248 532; x_wconf 85' lang='lat' dir='ltr'><strong>maxime</strong></span> <span class='ocrx_word' id='word_1_28' title='bbox 1270 501 1429 549; x_wconf 82' lang='lat' dir='ltr'><strong>agmen</strong></span> 
     </span>
     <span class='ocr_line' id='line_1_6' title="bbox 145 557 1431 623; baseline 0.001 -19"><span class='ocrx_word' id='word_1_29' title='bbox 145 574 172 604; x_wconf 87' lang='lat' dir='ltr'><strong>e</strong></span> <span class='ocrx_word' id='word_1_30' title='bbox 204 557 351 606; x_wconf 86' lang='lat' dir='ltr'><strong>castris</strong></span> <span class='ocrx_word' id='word_1_31' title='bbox 377 557 680 620; x_wconf 80' lang='lat' dir='ltr'><strong>explicaretur</strong></span> <span class='ocrx_word' id='word_1_32' title='bbox 695 593 708 615; x_wconf 95' lang='lat'><strong>‚</strong></span> <span class='ocrx_word' id='word_1_33' title='bbox 737 558 922 616; x_wconf 85' lang='lat' dir='ltr'><strong>Volsci,</strong></span> <span class='ocrx_word' id='word_1_34' title='bbox 951 572 1002 606; x_wconf 87' lang='lat' dir='ltr'><strong>ut</strong></span> <span class='ocrx_word' id='word_1_35' title='bbox 1017 561 1177 607; x_wconf 89' lang='lat' dir='ltr'><strong>eodem</strong></span> <span class='ocrx_word' id='word_1_36' title='bbox 1200 560 1326 623; x_wconf 78' lang='lat' dir='ltr'><strong>signo</strong></span> <span class='ocrx_word' id='word_1_37' title='bbox 1347 577 1431 606; x_wconf 82' lang='lat' dir='ltr'><strong>ex·-</strong></span> 
     </span>
     <span class='ocr_line' id='line_1_7' title="bbox 146 629 1433 697; baseline 0.002 -19"><span class='ocrx_word' id='word_1_38' title='bbox 146 629 301 689; x_wconf 84' lang='lat' dir='ltr'><strong>citati,</strong></span> <span class='ocrx_word' id='word_1_39' title='bbox 334 629 600 678; x_wconf 82' lang='lat' dir='ltr'><strong>noviffimos</strong></span> <span class='ocrx_word' id='word_1_40' title='bbox 629 631 916 679; x_wconf 54' lang='lat' dir='ltr'><strong>adoriuntur&gt;</strong></span> <span class='ocrx_word' id='word_1_41' title='bbox 958 634 998 680; x_wconf 90' lang='lat' dir='ltr'><strong>A</strong></span> <span class='ocrx_word' id='word_1_42' title='bbox 1034 633 1196 697; x_wconf 81' lang='lat' dir='ltr'><strong>quibus</strong></span> <span class='ocrx_word' id='word_1_43' title='bbox 1234 633 1433 695; x_wconf 83' lang='lat' dir='ltr'><strong>perlatus</strong></span> 
     </span>
     <span class='ocr_line' id='line_1_8' title="bbox 146 701 1434 768; baseline 0 -18"><span class='ocrx_word' id='word_1_44' title='bbox 146 703 203 750; x_wconf 85' lang='lat' dir='ltr'><strong>ad</strong></span> <span class='ocrx_word' id='word_1_45' title='bbox 229 703 400 766; x_wconf 84' lang='lat' dir='ltr'><strong>primos</strong></span> <span class='ocrx_word' id='word_1_46' title='bbox 431 701 650 750; x_wconf 85' lang='lat' dir='ltr'><strong>tumultus</strong></span> <span class='ocrx_word' id='word_1_47' title='bbox 668 737 682 760; x_wconf 89' lang='lat'><strong>,</strong></span> <span class='ocrx_word' id='word_1_48' title='bbox 705 719 761 749; x_wconf 91' lang='lat' dir='ltr'><strong>eo</strong></span> <span class='ocrx_word' id='word_1_49' title='bbox 784 720 956 766; x_wconf 87' lang='lat' dir='ltr'><strong>pavore</strong></span> <span class='ocrx_word' id='word_1_50' title='bbox 992 704 1199 768; x_wconf 79' lang='lat' dir='ltr'><strong>signaque</strong></span> <span class='ocrx_word' id='word_1_51' title='bbox 1232 706 1281 752; x_wconf 85' lang='lat'>&amp;</span> <span class='ocrx_word' id='word_1_52' title='bbox 1304 705 1434 751; x_wconf 81' lang='lat' dir='ltr'><strong>ordi-</strong></span> 
     </span>
     <span class='ocr_line' id='line_1_9' title="bbox 148 775 1437 843; baseline 0.002 -21"><span class='ocrx_word' id='word_1_53' title='bbox 148 793 229 823; x_wconf 81' lang='lat' dir='ltr'><strong>nes</strong></span> <span class='ocrx_word' id='word_1_54' title='bbox 258 775 492 835; x_wconf 87' lang='lat' dir='ltr'><strong>turbavit,</strong></span> <span class='ocrx_word' id='word_1_55' title='bbox 530 788 579 823; x_wconf 87' lang='lat' dir='ltr'><strong>ut</strong></span> <span class='ocrx_word' id='word_1_56' title='bbox 617 794 763 840; x_wconf 88' lang='lat' dir='ltr'><strong>neque</strong></span> <span class='ocrx_word' id='word_1_57' title='bbox 798 777 987 842; x_wconf 85' lang='lat' dir='ltr'><strong>imperia</strong></span> <span class='ocrx_word' id='word_1_58' title='bbox 1021 778 1254 837; x_wconf 82' lang='lat' dir='ltr'><strong>exaudiri,</strong></span> <span class='ocrx_word' id='word_1_59' title='bbox 1284 795 1437 843; x_wconf 86' lang='lat' dir='ltr'><strong>neque</strong></span> 
     </span>
     <span class='ocr_line' id='line_1_10' title="bbox 149 848 1436 915; baseline 0.002 -19"><span class='ocrx_word' id='word_1_60' title='bbox 149 849 309 897; x_wconf 75' lang='lat' dir='ltr'><strong>instrui</strong></span> <span class='ocrx_word' id='word_1_61' title='bbox 341 849 458 897; x_wconf 78' lang='lat' dir='ltr'><strong>acies</strong></span> <span class='ocrx_word' id='word_1_62' title='bbox 482 848 671 912; x_wconf 83' lang='lat' dir='ltr'><strong>poffent.</strong></span> <span class='ocrx_word' id='word_1_63' title='bbox 709 867 847 898; x_wconf 89' lang='lat' dir='ltr'><strong>nemo</strong></span> <span class='ocrx_word' id='word_1_64' title='bbox 879 851 1010 898; x_wconf 72' lang='lat' dir='ltr'><strong>ullius</strong></span> <span class='ocrx_word' id='word_1_65' title='bbox 1025 887 1038 909; x_wconf 87' lang='lat'><strong>,</strong></span> <span class='ocrx_word' id='word_1_66' title='bbox 1061 851 1140 897; x_wconf 80' lang='lat' dir='ltr'><strong>nisi</strong></span> <span class='ocrx_word' id='word_1_67' title='bbox 1170 850 1291 915; x_wconf 83' lang='lat' dir='ltr'><strong>fugae</strong></span> <span class='ocrx_word' id='word_1_68' title='bbox 1306 888 1319 911; x_wconf 88' lang='lat'><strong>,</strong></span> <span class='ocrx_word' id='word_1_69' title='bbox 1342 870 1436 900; x_wconf 89' lang='lat' dir='ltr'><strong>me·-</strong></span> 
     </span>
     <span class='ocr_line' id='line_1_11' title="bbox 148 922 1438 989; baseline 0.002 -18"><span class='ocrx_word' id='word_1_70' title='bbox 148 941 266 971; x_wconf 86' lang='lat' dir='ltr'><strong>mor.</strong></span> <span class='ocrx_word' id='word_1_71' title='bbox 304 926 369 970; x_wconf 84' lang='lat' dir='ltr'><strong>Ita</strong></span> <span class='ocrx_word' id='word_1_72' title='bbox 398 922 537 970; x_wconf 85' lang='lat' dir='ltr'><strong>effuso</strong></span> <span class='ocrx_word' id='word_1_73' title='bbox 558 924 734 986; x_wconf 78' lang='lat' dir='ltr'><strong>agmine</strong></span> <span class='ocrx_word' id='word_1_74' title='bbox 761 941 841 987; x_wconf 83' lang='lat' dir='ltr'><strong>per</strong></span> <span class='ocrx_word' id='word_1_75' title='bbox 866 923 1055 989; x_wconf 83' lang='lat' dir='ltr'><strong>stragem</strong></span> <span class='ocrx_word' id='word_1_76' title='bbox 1083 942 1332 988; x_wconf 86' lang='lat' dir='ltr'><strong>corporum</strong></span> <span class='ocrx_word' id='word_1_77' title='bbox 1362 943 1438 973; x_wconf 91' lang='lat' dir='ltr'><strong>ar-</strong></span> 
     </span>
     <span class='ocr_line' id='line_1_12' title="bbox 150 995 1439 1060; baseline -0.001 -16"><span class='ocrx_word' id='word_1_78' title='bbox 150 1013 423 1060; x_wconf 85' lang='lat' dir='ltr'><strong>morumque</strong></span> <span class='ocrx_word' id='word_1_79' title='bbox 441 995 646 1054; x_wconf 83' lang='lat' dir='ltr'><strong>evasere,</strong></span> <span class='ocrx_word' id='word_1_80' title='bbox 667 1008 717 1042; x_wconf 89' lang='lat' dir='ltr'><strong>ut</strong></span> <span class='ocrx_word' id='word_1_81' title='bbox 738 995 859 1059; x_wconf 85' lang='lat' dir='ltr'><strong>prius</strong></span> <span class='ocrx_word' id='word_1_82' title='bbox 888 995 1029 1044; x_wconf 83' lang='lat' dir='ltr'><strong>hostis</strong></span> <span class='ocrx_word' id='word_1_83' title='bbox 1050 997 1270 1044; x_wconf 74' lang='lat' dir='ltr'><strong>desisteret</strong></span> <span class='ocrx_word' id='word_1_84' title='bbox 1288 997 1439 1060; x_wconf 80' lang='lat' dir='ltr'><strong>sequi,</strong></span> 
     </span>
     <span class='ocr_line' id='line_1_13' title="bbox 149 1069 1438 1134; baseline -0.002 -16"><span class='ocrx_word' id='word_1_85' title='bbox 149 1087 286 1134; x_wconf 83' lang='lat' dir='ltr'><strong>quam</strong></span> <span class='ocrx_word' id='word_1_86' title='bbox 316 1072 548 1118; x_wconf 72' lang='lat' dir='ltr'><strong>Romanus</strong></span> <span class='ocrx_word' id='word_1_87' title='bbox 579 1070 744 1134; x_wconf 79' lang='lat' dir='ltr'><strong>fugere.</strong></span> <span class='ocrx_word' id='word_1_88' title='bbox 773 1070 1008 1126; x_wconf 79' lang='lat' dir='ltr'><strong>Tandem,</strong></span> <span class='ocrx_word' id='word_1_89' title='bbox 1033 1070 1234 1116; x_wconf 66' lang='lat' dir='ltr'><strong>collectis</strong></span> <span class='ocrx_word' id='word_1_90' title='bbox 1269 1087 1325 1116; x_wconf 82' lang='lat' dir='ltr'><strong>ex</strong></span> <span class='ocrx_word' id='word_1_91' title='bbox 1347 1069 1438 1117; x_wconf 88' lang='lat' dir='ltr'><strong>dis-</strong></span> 
     </span>
     <span class='ocr_line' id='line_1_14' title="bbox 151 1143 1438 1210; baseline -0.002 -17"><span class='ocrx_word' id='word_1_92' title='bbox 151 1146 296 1210; x_wconf 76' lang='lat' dir='ltr'><strong>sipato</strong></span> <span class='ocrx_word' id='word_1_93' title='bbox 316 1144 447 1192; x_wconf 86' lang='lat' dir='ltr'><strong>cursu</strong></span> <span class='ocrx_word' id='word_1_94' title='bbox 465 1144 682 1191; x_wconf 76' lang='lat' dir='ltr'>militibus</span> <span class='ocrx_word' id='word_1_95' title='bbox 699 1180 713 1202; x_wconf 89' lang='lat'><strong>,</strong></span> <span class='ocrx_word' id='word_1_96' title='bbox 733 1143 892 1191; x_wconf 91' lang='lat' dir='ltr'><strong>consul</strong></span> <span class='ocrx_word' id='word_1_97' title='bbox 910 1180 924 1203; x_wconf 84' lang='lat'><strong>,</strong></span> <span class='ocrx_word' id='word_1_98' title='bbox 953 1160 1054 1190; x_wconf 88' lang='lat' dir='ltr'><strong>cum</strong></span> <span class='ocrx_word' id='word_1_99' title='bbox 1075 1145 1337 1192; x_wconf 86' lang='lat' dir='ltr'><strong>revocando</strong></span> <span class='ocrx_word' id='word_1_100' title='bbox 1360 1162 1438 1191; x_wconf 86' lang='lat' dir='ltr'><strong>ne-</strong></span> 
     </span>
     <span class='ocr_line' id='line_1_15' title="bbox 152 1218 1439 1285; baseline 0 -19"><span class='ocrx_word' id='word_1_101' title='bbox 152 1220 399 1285; x_wconf 75' lang='lat' dir='ltr'>quidquam</span> <span class='ocrx_word' id='word_1_102' title='bbox 419 1218 523 1267; x_wconf 90' lang='lat' dir='ltr'><strong>suos</strong></span> <span class='ocrx_word' id='word_1_103' title='bbox 542 1219 796 1283; x_wconf 74' lang='lat' dir='ltr'><strong>persecutus</strong></span> <span class='ocrx_word' id='word_1_104' title='bbox 814 1218 945 1278; x_wconf 78' lang='lat' dir='ltr'><strong>effet,</strong></span> <span class='ocrx_word' id='word_1_105' title='bbox 972 1219 1020 1265; x_wconf 86' lang='lat' dir='ltr'><strong>in</strong></span> <span class='ocrx_word' id='word_1_106' title='bbox 1047 1231 1210 1282; x_wconf 81' lang='lat' dir='ltr'><strong>pacato</strong></span> <span class='ocrx_word' id='word_1_107' title='bbox 1233 1223 1340 1282; x_wconf 81' lang='lat' dir='ltr'><strong>agro</strong></span> <span class='ocrx_word' id='word_1_108' title='bbox 1362 1236 1439 1266; x_wconf 84' lang='lat' dir='ltr'><strong>ca-</strong></span> 
     </span>
     <span class='ocr_line' id='line_1_16' title="bbox 150 1293 1438 1358; baseline -0.001 -17"><span class='ocrx_word' id='word_1_109' title='bbox 150 1294 239 1342; x_wconf 77' lang='lat' dir='ltr'><strong>stra,</strong></span> <span class='ocrx_word' id='word_1_110' title='bbox 259 1294 443 1358; x_wconf 66' lang='lat' dir='ltr'><strong>p&#39;osuit;</strong></span> <span class='ocrx_word' id='word_1_111' title='bbox 482 1295 794 1358; x_wconf 86' lang='lat' dir='ltr'><strong>advocataque</strong></span> <span class='ocrx_word' id='word_1_112' title='bbox 817 1294 1071 1353; x_wconf 80' lang='lat' dir='ltr'><strong>concione,</strong></span> <span class='ocrx_word' id='word_1_113' title='bbox 1098 1294 1302 1341; x_wconf 60' lang='lat' dir='ltr'><strong>invectus</strong></span> <span class='ocrx_word' id='word_1_114' title='bbox 1320 1293 1438 1341; x_wconf 82' lang='lat' dir='ltr'><strong>haud</strong></span> 
     </span>
     <span class='ocr_line' id='line_1_17' title="bbox 152 1366 1443 1431; baseline -0.001 -17"><span class='ocrx_word' id='word_1_115' title='bbox 152 1366 263 1414; x_wconf 87' lang='lat' dir='ltr'><strong>falso</strong></span> <span class='ocrx_word' id='word_1_116' title='bbox 288 1367 336 1414; x_wconf 89' lang='lat' dir='ltr'><strong>in</strong></span> <span class='ocrx_word' id='word_1_117' title='bbox 356 1368 639 1431; x_wconf 82' lang='lat' dir='ltr'><strong>proditorem</strong></span> <span class='ocrx_word' id='word_1_118' title='bbox 670 1367 919 1416; x_wconf 81' lang='lat' dir='ltr'><strong>exercitum</strong></span> <span class='ocrx_word' id='word_1_119' title='bbox 935 1368 1141 1414; x_wconf 81' lang='lat' dir='ltr'><strong>militaris</strong></span> <span class='ocrx_word' id='word_1_120' title='bbox 1166 1367 1443 1431; x_wconf 79' lang='lat' dir='ltr'><strong>disciplinae,</strong></span> 
     </span>
     <span class='ocr_line' id='line_1_18' title="bbox 152 1438 1441 1504; baseline -0.001 -18"><span class='ocrx_word' id='word_1_121' title='bbox 152 1439 426 1487; x_wconf 83' lang='lat' dir='ltr'><strong>desertorem</strong></span> <span class='ocrx_word' id='word_1_122' title='bbox 457 1440 715 1504; x_wconf 83' lang='lat' dir='ltr'><strong>fignorum3</strong></span> <span class='ocrx_word' id='word_1_123' title='bbox 749 1440 828 1486; x_wconf 89' lang='lat' dir='ltr'><strong>ubi</strong></span> <span class='ocrx_word' id='word_1_124' title='bbox 854 1438 999 1504; x_wconf 70' lang='lat' dir='ltr'><strong>signa,</strong></span> <span class='ocrx_word' id='word_1_125' title='bbox 1028 1439 1105 1486; x_wconf 87' lang='lat' dir='ltr'><strong>ubi</strong></span> <span class='ocrx_word' id='word_1_126' title='bbox 1133 1456 1255 1486; x_wconf 86' lang='lat' dir='ltr'><strong>arma</strong></span> <span class='ocrx_word' id='word_1_127' title='bbox 1276 1439 1441 1499; x_wconf 76' lang='lat' dir='ltr'><strong>essent,</strong></span> 
     </span>
     <span class='ocr_line' id='line_1_19' title="bbox 151 1511 1441 1577; baseline -0.002 -18"><span class='ocrx_word' id='word_1_128' title='bbox 151 1511 352 1575; x_wconf 79' lang='lat' dir='ltr'><strong>:singulos</strong></span> <span class='ocrx_word' id='word_1_129' title='bbox 369 1513 595 1577; x_wconf 56' lang='lat' dir='ltr'><strong>rogitans,</strong></span> <span class='ocrx_word' id='word_1_130' title='bbox 614 1512 808 1559; x_wconf 84' lang='lat' dir='ltr'><strong>inermes</strong></span> <span class='ocrx_word' id='word_1_131' title='bbox 832 1513 1018 1570; x_wconf 86' lang='lat' dir='ltr'><strong>milites,</strong></span> <span class='ocrx_word' id='word_1_132' title='bbox 1041 1512 1166 1575; x_wconf 72' lang='lat' dir='ltr'><strong>signo</strong></span> <span class='ocrx_word' id='word_1_133' title='bbox 1185 1512 1339 1558; x_wconf 76' lang='lat' dir='ltr'><strong>amisso</strong></span> <span class='ocrx_word' id='word_1_134' title='bbox 1358 1513 1441 1576; x_wconf 80' lang='lat' dir='ltr'><strong>fig-</strong></span> 
     </span>
     <span class='ocr_line' id='line_1_20' title="bbox 151 1585 1440 1650; baseline -0.002 -16"><span class='ocrx_word' id='word_1_135' title='bbox 151 1586 350 1644; x_wconf 84' lang='lat' dir='ltr'><strong>niferos;</strong></span> <span class='ocrx_word' id='word_1_136' title='bbox 379 1587 435 1634; x_wconf 84' lang='lat' dir='ltr'><strong>ad</strong></span> <span class='ocrx_word' id='word_1_137' title='bbox 472 1587 563 1633; x_wconf 90' lang='lat' dir='ltr'><strong>hoc</strong></span> <span class='ocrx_word' id='word_1_138' title='bbox 601 1586 890 1634; x_wconf 81' lang='lat' dir='ltr'><strong>centuriones</strong></span> <span class='ocrx_word' id='word_1_139' title='bbox 925 1585 1289 1650; x_wconf 77' lang='lat' dir='ltr'><strong>duplicariosque</strong></span> <span class='ocrx_word' id='word_1_140' title='bbox 1311 1621 1325 1644; x_wconf 88' lang='lat'>‚</span> <span class='ocrx_word' id='word_1_141' title='bbox 1360 1585 1440 1650; x_wconf 84' lang='lat' dir='ltr'><strong>qui</strong></span> 
     </span>
     <span class='ocr_line' id='line_1_21' title="bbox 154 1656 1441 1722; baseline -0.001 -16"><span class='ocrx_word' id='word_1_142' title='bbox 154 1658 428 1722; x_wconf 83' lang='lat' dir='ltr'><strong>reliquerant</strong></span> <span class='ocrx_word' id='word_1_143' title='bbox 460 1658 674 1715; x_wconf 87' lang='lat' dir='ltr'><strong>ordines,</strong></span> <span class='ocrx_word' id='word_1_144' title='bbox 701 1657 840 1722; x_wconf 81' lang='lat' dir='ltr'><strong>virgis</strong></span> <span class='ocrx_word' id='word_1_145' title='bbox 875 1656 1011 1705; x_wconf 82' lang='lat' dir='ltr'><strong>caesos</strong></span> <span class='ocrx_word' id='word_1_146' title='bbox 1042 1657 1186 1705; x_wconf 86' lang='lat' dir='ltr'><strong>securi</strong></span> <span class='ocrx_word' id='word_1_147' title='bbox 1217 1658 1441 1721; x_wconf 80' lang='lat' dir='ltr'><strong>percuffit.</strong></span> 
     </span>
     <span class='ocr_line' id='line_1_22' title="bbox 155 1729 1442 1796; baseline -0.001 -18"><span class='ocrx_word' id='word_1_148' title='bbox 155 1743 304 1779; x_wconf 88' lang='lat' dir='ltr'><strong>cetera</strong></span> <span class='ocrx_word' id='word_1_149' title='bbox 332 1731 580 1778; x_wconf 84' lang='lat' dir='ltr'><strong>multitudo</strong></span> <span class='ocrx_word' id='word_1_150' title='bbox 609 1729 727 1778; x_wconf 89' lang='lat' dir='ltr'><strong>sorte</strong></span> <span class='ocrx_word' id='word_1_151' title='bbox 760 1731 957 1779; x_wconf 87' lang='lat' dir='ltr'><strong>decimus</strong></span> <span class='ocrx_word' id='word_1_152' title='bbox 978 1731 1162 1796; x_wconf 88' lang='lat' dir='ltr'><strong>quisque</strong></span> <span class='ocrx_word' id='word_1_153' title='bbox 1199 1731 1256 1778; x_wconf 83' lang='lat' dir='ltr'><strong>ad</strong></span> <span class='ocrx_word' id='word_1_154' title='bbox 1275 1730 1442 1795; x_wconf 85' lang='lat' dir='ltr'><strong>suppli-</strong></span> 
     </span>
     <span class='ocr_line' id='line_1_23' title="bbox 155 1804 424 1853; baseline 0 0"><span class='ocrx_word' id='word_1_155' title='bbox 155 1804 278 1853; x_wconf 84' lang='lat' dir='ltr'><strong>cium</strong></span> <span class='ocrx_word' id='word_1_156' title='bbox 309 1805 424 1853; x_wconf 64' lang='lat' dir='ltr'><strong>lecti.</strong></span> 
     </span>
    </p>

    <p class='ocr_par' dir='ltr' id='par_1_3' title="bbox 155 1878 1445 2532">
     <span class='ocr_line' id='line_1_24' title="bbox 222 1878 1441 1945; baseline -0.001 -18"><span class='ocrx_word' id='word_1_157' title='bbox 222 1882 318 1928; x_wconf 88' lang='lat' dir='ltr'><strong>LX.</strong></span> <span class='ocrx_word' id='word_1_158' title='bbox 344 1882 520 1928; x_wconf 88' lang='lat' dir='ltr'><strong>Contra</strong></span> <span class='ocrx_word' id='word_1_159' title='bbox 544 1897 594 1927; x_wconf 87' lang='lat' dir='ltr'><strong>ea</strong></span> <span class='ocrx_word' id='word_1_160' title='bbox 629 1878 676 1927; x_wconf 85' lang='lat' dir='ltr'><strong>in</strong></span> <span class='ocrx_word' id='word_1_161' title='bbox 697 1878 853 1945; x_wconf 85' lang='lat' dir='ltr'><strong>AEquis</strong></span> <span class='ocrx_word' id='word_1_162' title='bbox 881 1879 998 1928; x_wconf 89' lang='lat' dir='ltr'><strong>inter</strong></span> <span class='ocrx_word' id='word_1_163' title='bbox 1033 1878 1263 1927; x_wconf 87' lang='lat' dir='ltr'><strong>consulem</strong></span> <span class='ocrx_word' id='word_1_164' title='bbox 1281 1896 1333 1927; x_wconf 84' lang='lat' dir='ltr'><strong>ac</strong></span> <span class='ocrx_word' id='word_1_165' title='bbox 1351 1879 1441 1926; x_wconf 86' lang='lat' dir='ltr'><strong>mi-</strong></span> 
     </span>
     <span class='ocr_line' id='line_1_25' title="bbox 155 1952 1440 2001; baseline -0.001 -1"><span class='ocrx_word' id='word_1_166' title='bbox 155 1953 282 2000; x_wconf 80' lang='lat' dir='ltr'><strong>litem</strong></span> <span class='ocrx_word' id='word_1_167' title='bbox 319 1953 533 2001; x_wconf 85' lang='lat' dir='ltr'><strong>comitate</strong></span> <span class='ocrx_word' id='word_1_168' title='bbox 565 1971 616 2001; x_wconf 87' lang='lat' dir='ltr'><strong>ac</strong></span> <span class='ocrx_word' id='word_1_169' title='bbox 651 1952 878 2001; x_wconf 80' lang='lat' dir='ltr'><strong>beneficiis</strong></span> <span class='ocrx_word' id='word_1_170' title='bbox 907 1965 1124 2001; x_wconf 86' lang='lat' dir='ltr'><strong>certatum</strong></span> <span class='ocrx_word' id='word_1_171' title='bbox 1152 1952 1228 1999; x_wconf 90' lang='lat' dir='ltr'><strong>est.</strong></span> <span class='ocrx_word' id='word_1_172' title='bbox 1275 1954 1325 2000; x_wconf 86' lang='lat'>&amp;</span> <span class='ocrx_word' id='word_1_173' title='bbox 1361 1969 1440 1999; x_wconf 83' lang='lat' dir='ltr'><strong>na-</strong></span> 
     </span>
     <span class='ocr_line' id='line_1_26' title="bbox 156 2022 1441 2087; baseline -0.002 -15"><span class='ocrx_word' id='word_1_174' title='bbox 156 2039 259 2073; x_wconf 81' lang='lat' dir='ltr'><strong>tura</strong></span> <span class='ocrx_word' id='word_1_175' title='bbox 292 2027 533 2087; x_wconf 72' lang='lat' dir='ltr'><strong>Quinffius</strong></span> <span class='ocrx_word' id='word_1_176' title='bbox 558 2038 654 2073; x_wconf 88' lang='lat' dir='ltr'><strong>erat</strong></span> <span class='ocrx_word' id='word_1_177' title='bbox 677 2025 824 2072; x_wconf 84' lang='lat' dir='ltr'><strong>lenior</strong></span> <span class='ocrx_word' id='word_1_178' title='bbox 844 2060 859 2083; x_wconf 89' lang='lat'><strong>,</strong></span> <span class='ocrx_word' id='word_1_179' title='bbox 884 2027 934 2072; x_wconf 87' lang='lat'>&amp;</span> <span class='ocrx_word' id='word_1_180' title='bbox 955 2024 1124 2071; x_wconf 74' lang='lat' dir='ltr'><strong>saevitia</strong></span> <span class='ocrx_word' id='word_1_181' title='bbox 1154 2022 1311 2070; x_wconf 82' lang='lat' dir='ltr'><strong>infelix</strong></span> <span class='ocrx_word' id='word_1_182' title='bbox 1344 2022 1441 2070; x_wconf 88' lang='lat' dir='ltr'><strong>col·</strong></span> 
     </span>
     <span class='ocr_line' id='line_1_27' title="bbox 156 2095 1441 2163; baseline -0.002 -19"><span class='ocrx_word' id='word_1_183' title='bbox 156 2098 272 2162; x_wconf 80' lang='lat' dir='ltr'><strong>legae</strong></span> <span class='ocrx_word' id='word_1_184' title='bbox 290 2134 304 2156; x_wconf 93' lang='lat'><strong>,</strong></span> <span class='ocrx_word' id='word_1_185' title='bbox 330 2115 423 2162; x_wconf 78' lang='lat' dir='ltr'><strong>quo</strong></span> <span class='ocrx_word' id='word_1_186' title='bbox 444 2098 480 2146; x_wconf 81' lang='lat' dir='ltr'><strong>is</strong></span> <span class='ocrx_word' id='word_1_187' title='bbox 507 2098 646 2162; x_wconf 82' lang='lat' dir='ltr'><strong>magis</strong></span> <span class='ocrx_word' id='word_1_188' title='bbox 676 2098 889 2163; x_wconf 76' lang='lat' dir='ltr'><strong>gauderet</strong></span> <span class='ocrx_word' id='word_1_189' title='bbox 914 2097 1098 2161; x_wconf 81' lang='lat' dir='ltr'><strong>ingenio</strong></span> <span class='ocrx_word' id='word_1_190' title='bbox 1134 2097 1216 2144; x_wconf 89' lang='lat' dir='ltr'><strong>suo</strong></span> <span class='ocrx_word' id='word_1_191' title='bbox 1236 2132 1250 2153; x_wconf 88' lang='lat'><strong>,</strong></span> <span class='ocrx_word' id='word_1_192' title='bbox 1275 2095 1441 2143; x_wconf 84' lang='lat' dir='ltr'><strong>effece-</strong></span> 
     </span>
     <span class='ocr_line' id='line_1_28' title="bbox 158 2170 1441 2235; baseline -0.002 -16"><span class='ocrx_word' id='word_1_193' title='bbox 158 2184 240 2219; x_wconf 86' lang='lat' dir='ltr'><strong>rat.</strong></span> <span class='ocrx_word' id='word_1_194' title='bbox 275 2172 392 2219; x_wconf 85' lang='lat' dir='ltr'><strong>Huic</strong></span> <span class='ocrx_word' id='word_1_195' title='bbox 414 2184 550 2219; x_wconf 82' lang='lat' dir='ltr'><strong>tantae</strong></span> <span class='ocrx_word' id='word_1_196' title='bbox 577 2173 839 2221; x_wconf 80' lang='lat' dir='ltr'><strong>concordiae</strong></span> <span class='ocrx_word' id='word_1_197' title='bbox 861 2172 988 2219; x_wconf 85' lang='lat' dir='ltr'><strong>ducis</strong></span> <span class='ocrx_word' id='word_1_198' title='bbox 1016 2170 1323 2235; x_wconf 81' lang='lat' dir='ltr'><strong>exercitusque</strong></span> <span class='ocrx_word' id='word_1_199' title='bbox 1344 2186 1441 2217; x_wconf 84' lang='lat' dir='ltr'><strong>non</strong></span> 
     </span>
     <span class='ocr_line' id='line_1_29' title="bbox 159 2242 1441 2310; baseline -0.002 -18"><span class='ocrx_word' id='word_1_200' title='bbox 159 2246 253 2293; x_wconf 65' lang='lat' dir='ltr'><strong>ausi</strong></span> <span class='ocrx_word' id='word_1_201' title='bbox 273 2245 435 2292; x_wconf 84' lang='lat' dir='ltr'><strong>offerre</strong></span> <span class='ocrx_word' id='word_1_202' title='bbox 458 2245 524 2303; x_wconf 81' lang='lat' dir='ltr'><strong>se,</strong></span> <span class='ocrx_word' id='word_1_203' title='bbox 543 2244 677 2310; x_wconf 79' lang='lat' dir='ltr'><strong>AEqui</strong></span> <span class='ocrx_word' id='word_1_204' title='bbox 697 2246 851 2309; x_wconf 83' lang='lat' dir='ltr'><strong>vagari</strong></span> <span class='ocrx_word' id='word_1_205' title='bbox 877 2244 1248 2308; x_wconf 86' lang='lat' dir='ltr'><strong>populabundum</strong></span> <span class='ocrx_word' id='word_1_206' title='bbox 1266 2242 1441 2290; x_wconf 84' lang='lat' dir='ltr'><strong>hostem</strong></span> 
     </span>
     <span class='ocr_line' id='line_1_30' title="bbox 160 2316 1442 2382; baseline -0.002 -17"><span class='ocrx_word' id='word_1_207' title='bbox 160 2336 242 2382; x_wconf 86' lang='lat' dir='ltr'><strong>per</strong></span> <span class='ocrx_word' id='word_1_208' title='bbox 267 2334 396 2382; x_wconf 80' lang='lat' dir='ltr'><strong>agros</strong></span> <span class='ocrx_word' id='word_1_209' title='bbox 416 2318 538 2381; x_wconf 85' lang='lat' dir='ltr'><strong>paffi.</strong></span> <span class='ocrx_word' id='word_1_210' title='bbox 566 2319 665 2365; x_wconf 87' lang='lat' dir='ltr'><strong>Nec</strong></span> <span class='ocrx_word' id='word_1_211' title='bbox 686 2319 781 2365; x_wconf 89' lang='lat' dir='ltr'><strong>ullo</strong></span> <span class='ocrx_word' id='word_1_212' title='bbox 808 2330 911 2365; x_wconf 89' lang='lat' dir='ltr'><strong>ante</strong></span> <span class='ocrx_word' id='word_1_213' title='bbox 937 2317 1058 2364; x_wconf 87' lang='lat' dir='ltr'><strong>bello</strong></span> <span class='ocrx_word' id='word_1_214' title='bbox 1081 2317 1210 2364; x_wconf 85' lang='lat' dir='ltr'><strong>latius</strong></span> <span class='ocrx_word' id='word_1_215' title='bbox 1237 2316 1341 2363; x_wconf 89' lang='lat' dir='ltr'><strong>inde</strong></span> <span class='ocrx_word' id='word_1_216' title='bbox 1365 2334 1442 2363; x_wconf 63' lang='lat' dir='ltr'><strong>ac⁴</strong></span> 
     </span>
     <span class='ocr_line' id='line_1_31' title="bbox 160 2391 1444 2456; baseline 0 -17"><span class='ocrx_word' id='word_1_217' title='bbox 160 2407 220 2439; x_wconf 76' lang='lat' dir='ltr'><strong>1ae</strong></span> <span class='ocrx_word' id='word_1_218' title='bbox 251 2392 428 2456; x_wconf 81' lang='lat' dir='ltr'><strong>praedae.</strong></span> <span class='ocrx_word' id='word_1_219' title='bbox 481 2392 629 2440; x_wconf 84' lang='lat' dir='ltr'><strong>omnis</strong></span> <span class='ocrx_word' id='word_1_220' title='bbox 658 2392 791 2439; x_wconf 88' lang='lat' dir='ltr'><strong>militi</strong></span> <span class='ocrx_word' id='word_1_221' title='bbox 822 2393 920 2438; x_wconf 88' lang='lat' dir='ltr'><strong>data</strong></span> <span class='ocrx_word' id='word_1_222' title='bbox 956 2391 1032 2438; x_wconf 85' lang='lat' dir='ltr'><strong>est.</strong></span> <span class='ocrx_word' id='word_1_223' title='bbox 1071 2391 1362 2439; x_wconf 83' lang='lat' dir='ltr'><strong>Addebantur</strong></span> <span class='ocrx_word' id='word_1_224' title='bbox 1392 2391 1444 2439; x_wconf 84' lang='lat'>&amp;</span> 
     </span>
     <span class='ocr_line' id='line_1_32' title="bbox 163 2465 1445 2532; baseline -0.002 -19"><span class='ocrx_word' id='word_1_225' title='bbox 163 2465 341 2528; x_wconf 82' lang='lat' dir='ltr'><strong>laudes,</strong></span> <span class='ocrx_word' id='word_1_226' title='bbox 369 2465 558 2532; x_wconf 79' lang='lat' dir='ltr'><strong>quibus,</strong></span> <span class='ocrx_word' id='word_1_227' title='bbox 590 2467 708 2515; x_wconf 83' lang='lat' dir='ltr'><strong>haud</strong></span> <span class='ocrx_word' id='word_1_228' title='bbox 735 2466 886 2515; x_wconf 87' lang='lat' dir='ltr'><strong>minus</strong></span> <span class='ocrx_word' id='word_1_229' title='bbox 917 2483 1055 2531; x_wconf 87' lang='lat' dir='ltr'><strong>quam</strong></span> <span class='ocrx_word' id='word_1_230' title='bbox 1082 2465 1303 2531; x_wconf 81' lang='lat' dir='ltr'><strong>praemio,</strong></span> <span class='ocrx_word' id='word_1_231' title='bbox 1332 2481 1445 2529; x_wconf 45' lang='lat' dir='ltr'><strong>gauf</strong></span> 
     </span>
    </p>
   </div>
   <div class='ocr_carea' id='block_1_3' title="bbox 1537 0 1582 1242">
    <p class='ocr_par' dir='ltr' id='par_1_4' title="bbox 1537 0 1582 1242">
     <span class='ocr_line' id='line_1_33' title="bbox 1537 0 1582 1242; baseline 0 0"><span class='ocrx_word' id='word_1_232' title='bbox 1537 0 1582 1242; x_wconf 95' lang='lat' dir='ltr'><strong> </strong></span> 
     </span>
    </p>
   </div>
  </div>
 </body>
</html>
