1582 2793
182 143 268 189 172
528 129 751 177 TITI
826 131 1098 177 LI'VII

175 237 319 283 macia
338 236 386 301 in
405 237 560 297 vultu,
582 238 699 285 idem
723 238 770 285 in
790 238 1000 286 oratione
1020 237 1196 301 spiritus
1213 248 1331 286 erat:
1350 239 1464 286 adeo

177 324 229 356 ut
257 328 416 374 magna
435 329 535 375 pars
564 313 706 375 plebis
726 313 927 376 Appium
957 330 1054 360 non
1079 312 1230 360 minus
1257 330 1383 360 reum
1408 315 1464 359 ti-

176 397 346 442 meret,
368 400 503 447 quam
529 385 758 431 confidem
788 386 1014 433 timuerat.
1042 385 1186 432 Semel
1207 386 1380 433 causam
1401 386 1466 433 di·

179 457 249 501 xit
265 492 277 513 ‚
304 474 397 520 quo
423 457 594 520 semper
622 474 752 520 agere
783 458 938 506 omnia
968 457 1126 505 solitus
1147 470 1269 516 erat,
1290 457 1468 505 accusa·

178 530 303 575 torio
337 530 507 593 spiritu.
562 532 765 592 adeoque
796 530 1049 577 constantia
1077 532 1152 579 sua
1178 533 1229 578 &
1258 532 1469 578 tribunos

178 602 481 665 obstupefecit
502 606 550 651 &
581 603 784 666 plebem,
813 615 864 648 ut
893 604 1010 650 diem
1038 604 1119 666 ipsi
1151 602 1225 650 sua
1254 603 1471 650 volunta-

180 685 223 720 te
252 677 572 739 prodicerent:
612 675 728 721 trahi
761 674 923 721 deinde
955 693 1047 721 rem
1083 675 1292 722 finerenta
1338 675 1470 720 Haud

180 748 243 794 ita
282 751 475 796 multum
518 751 698 797 interim
739 750 958 811 temporis
994 750 1095 797 fuit.
1144 761 1246 796 ante
1285 760 1470 806 tamen,

181 838 317 884 quam
350 823 550 884 prodieta
585 822 678 869 dies
706 823 912 880 veniret,
941 823 1108 869 morbo
1143 823 1352 870 moriturd
1388 840 1469 870 cu-

180 891 372 953 juscum
400 895 701 941 laudationem
727 894 898 941 tribuni
919 895 1062 957 plebis
1082 894 1300 958 impedire
1329 911 1471 942 cona-

184 977 368 1025 rentur,
390 967 513 1028 plebs
540 968 735 1014 fraudari
766 967 972 1015 sollemni
1007 969 1186 1015 honore
1218 968 1473 1032 supremum

182 1040 302 1086 diem
331 1042 442 1087 tanti
473 1041 562 1089 viri
595 1041 777 1095 noluit;
810 1042 860 1088 &
888 1041 1192 1090 laudationem
1215 1055 1306 1089 tam
1334 1043 1474 1106 aequis

183 1113 366 1160 auribus
399 1115 571 1162 mortui
602 1115 780 1162 audivit
800 1150 813 1172 ‚
838 1131 971 1177 quam
1002 1116 1105 1163 vivi
1139 1100 1473 1173 accusat-{mem

184 1188 417 1245 audierat3
450 1189 501 1235 &
535 1188 761 1252 exsequias
794 1187 1003 1251 frequens
1041 1188 1300 1237 celebravit.

255 1263 391 1309 LXH.
408 1263 581 1308 Eodem
599 1277 720 1307 anno
739 1260 942 1307 Valerius
960 1260 1134 1319 consul,
1153 1279 1258 1308 cum
1274 1260 1475 1318 exercitu

132 1344 135 1347 '
185 1334 233 1380 in
253 1336 429 1398 AEquos
446 1334 672 1397 profestus
686 1370 700 1392 ,
715 1350 818 1380 cum
840 1332 1014 1379 hostem
1035 1333 1089 1379 ad
1103 1332 1319 1396 proelium
1341 1332 1475 1379 elice-

184 1425 234 1454 re
255 1425 348 1455 non
373 1408 542 1470 poffet,
565 1406 703 1454 castra
726 1422 990 1470 oppugnare
1009 1405 1070 1451 est
1087 1407 1284 1453 adortus.
1314 1406 1475 1452 Prohi-

186 1481 284 1527 buit
314 1481 436 1528 foeda
463 1481 729 1544 tempestaS,
757 1498 860 1528 cum
892 1480 1107 1544 grandine
1142 1498 1195 1528 ac
1227 1479 1474 1528 tonitribus

187 1554 312 1602 coelo
352 1554 533 1617 dejeeta.
573 1553 932 1602 Admirationem
970 1553 1131 1599 deinde
1166 1551 1475 1615 auxit,s1gno

189 1629 391 1691 receptui
427 1628 534 1674 dato
555 1663 568 1685 ‚
604 1627 718 1673 adeo
749 1626 990 1689 tranquilla
1023 1624 1232 1672 serenitas
1264 1624 1473 1671 reddita:

188 1714 269 1758 ut,
301 1701 428 1748 velut
457 1701 641 1747 numine
662 1700 820 1764 aliquo
850 1699 1025 1746 defensa
1051 1699 1191 1747 castra
1213 1714 1479 1762 oppugnare

188 1774 352 1821 iterum
373 1810 388 1832 ‚
412 1773 572 1836 religio
603 1773 752 1821 fuerit.
791 1773 940 1821 omnis
970 1773 1033 1820 ira
1064 1772 1169 1819 belli
1197 1771 1253 1819 ad
1284 1770 1480 1834 popula-

187 1849 363 1895 tionem
389 1849 481 1912 agri
516 1849 669 1895 vertit.
705 1848 832 1895 Alter
860 1845 1017 1894 consul
1042 1845 1250 1894 AEmilius
1273 1844 1320 1890 in
1349 1843 1478 1891 Sabi-

191 1921 259 1967 nis
293 1921 461 1968 bellum
486 1922 625 1984 geffit.
674 1922 725 1968 δι’.
754 1919 847 1976 ibi,
874 1918 979 1982 quia
1013 1917 1152 1966 hostis
1183 1916 1409 1965 moenibus
1437 1915 1481 1962 se

188 1994 396 2054 tenebat,
417 1994 571 2041 vastati
587 1994 683 2058 agri
702 1992 814 2039 sunt.
834 1990 1057 2038 Incendiis
1078 1990 1256 2048 deinde,
1276 2005 1372 2035 non
1391 1988 1479 2034 vil-

188 2065 335 2113 larum
364 2068 531 2125 modo,
560 2067 635 2114 sed
664 2066 796 2112 etiam
817 2064 1057 2121 vicorum,
1077 2063 1240 2127 quibus
1267 2060 1483 2124 frequen-

189 2151 257 2186 ter
294 2140 575 2187 habitabatur
594 2176 608 2199 ‚
638 2140 792 2186 Sabini
825 2137 992 2196 exciti,
1015 2155 1119 2185 cum
1152 2134 1481 2199 praedatoribus

190 2213 509 2270 occurrissent,
537 2214 725 2277 ancipiti
765 2213 936 2276 proelio
965 2211 1171 2275 digreffi,
1195 2210 1377 2274 postero
1411 2210 1482 2256 die

191 2289 382 2335 retulere
418 2288 556 2335 castra
591 2289 637 2333 in
669 2288 839 2334 tutiora
873 2288 985 2333 loca.
1024 2287 1073 2331 ld
1094 2284 1194 2331 satis
1216 2283 1391 2331 consuli
1412 2283 1482 2329 vi-

195 2362 289 2409 sum
303 2398 315 2420 ‚
334 2380 415 2409 cur
440 2379 523 2425 pro
544 2363 670 2408 vieto
695 2362 971 2425 relinqueret
992 2359 1165 2407 hostem
1182 2394 1197 2418 ,
1215 2359 1390 2423 integro
1413 2355 1483 2404 in-

191 2436 247 2482 de
278 2436 496 2484 decedens
533 2436 669 2483 bello.
