1582 2793
209 188 1110 241 HISTORIARUMLIB.11.
1250 210 1339 257 127

51 311 121 342 ret
136 331 149 354 ,
171 296 434 343 circumfusa
456 296 698 343 multitudo
727 296 771 343 in
797 299 1036 347 concionis
1057 303 1241 350 modum
1265 319 1343 350 ne-

48 385 180 431 gare,
218 374 346 416 Ultra
380 373 516 440 decipi.
535 373 691 430 plebem
706 369 829 436 poffi.
859 375 1087 433 Nunquam
1111 394 1239 421 mmm
1259 382 1343 422 mi·-

48 445 423 498 litemxlzabicuros,
440 446 488 488 m‘
503 445 756 508 praestaretur
775 446 887 504 fides
909 448 1092 506 publica.
1122 452 1342 497 libertatem

52 521 271 578 unicuique
289 523 408 578 prius
431 520 680 563 reddendam
701 516 770 582 eſj}
787 554 799 576 ,
824 538 948 580 quam
967 539 1084 564 arma
1104 524 1248 567 danda
1266 543 1280 568 .·
1300 540 1346 569 uc

47 611 128 652 pro
140 594 285 652 patria
305 592 560 651 civibusque,
579 610 666 636 non
682 611 763 652 pro
782 594 985 649 dominis,
997 611 1197 654 pugnent.
1217 595 1344 640 Con-

53 663 193 722 sules,
217 663 325 727 quid
350 663 606 709 mandatum
630 662 733 709 effet
753 680 777 710 a
797 662 975 722 senatu,
997 665 1242 714 videbant:
1276 667 1348 714 sed

53 735 238 795 eorum,
261 736 342 800 qui
363 735 479 782 intra
501 736 690 798 parietes
714 737 849 783 curiae
872 736 1084 785 ferociter
1108 739 1349 803 loqueren-

59 822 165 868 tur,
198 809 424 855 nerninem
459 808 600 855 adeffe
630 809 815 857 invidiae
849 809 936 856 suae
969 811 1268 875 participem:
1299 814 1351 860 &

56 884 300 946 apparebat
321 895 454 928 atrox
477 899 578 928 cum
602 883 732 944 plebe
756 895 993 932 certamen.
1030 885 1156 932 Prius
1175 885 1353 951 itaque,

56 974 192 1021 quam
219 957 377 1003 ultima
406 955 747 1018 experirentur,
767 956 966 1004 senatum
995 959 1156 1006 iterum
1187 961 1356 1008 consu-

57 1029 147 1075 lere
177 1027 360 1091 placuit.
404 1040 501 1073 tum
529 1043 643 1073 vero
680 1029 733 1072 acl
773 1029 896 1077 sellas
934 1032 1175 1080 consulum
1208 1052 1353 1097 prope

61 1104 378 1150 convolavere
409 1099 623 1146 minimus
651 1099 840 1165 quisque
863 1116 971 1151 natu
999 1107 1207 1162 Petrum,
1232 1108 1356 1154 abdi-

62 1193 164 1224 care
192 1173 702 1235 consulatumjubentes
719 1213 733 1233 ,
758 1178 807 1223 &
831 1176 1060 1236 deponere
1085 1175 1322 1240 imperium
1339 1215 1355 1239 ‚

61 1248 118 1295 ad
139 1247 266 1312 quod
294 1248 510 1293 tuendum
542 1247 715 1289 animus
740 1244 915 1292 deesset.

135 1319 325 1387 XXIX„
356 1319 561 1379 Utraque
590 1333 637 1362 re
667 1316 766 1365 satis
797 1330 1007 1380 experta,
1036 1333 1133 1367 tum
1173 1321 1357 1370 demum

64 1391 274 1440 consules
302 1409 312 1437 :
357 1396 422 1438 Ne
442 1393 684 1453 praedic‘ium
716 1395 896 1453 negetis,
928 1396 1074 1440 Patres
1105 1396 1322 1457 cons‘crz'pti
1340 1433 1358 1454 ,

65 1467 180 1532 adest
204 1469 350 1527 ingens
372 1465 545 1526 fiditio.
582 1467 848 1532 Postulamus
866 1501 879 1523 ,
905 1485 951 1512 uc
975 1470 1010 1513 ii
1027 1503 1040 1524 ,
1069 1472 1140 1529 qui
1173 1474 1359 1517 maxime

65 1543 284 1603 ignaviam
326 1540 574 1599 increpant,
615 1537 756 1602 adsint
793 1541 916 1584 nobis
950 1542 1193 1588 habentibus
1230 1545 1362 1589 delec-

64 1632 167 1661 tum.
217 1616 424 1660 Acerrimi
461 1613 654 1673 cujusque
685 1615 881 1670 arbitrio,
912 1619 1080 1675 quando
1109 1619 1168 1662 ita
1191 1622 1361 1678 placet,

66 1707 148 1735 rem
181 1704 363 1749 agemus.
407 1684 615 1730 Redeunt
651 1684 697 1730 in
727 1685 954 1732 tribunal:
990 1686 1118 1734 citari
1142 1689 1360 1736 *nomina-

64 1763 147 1811 tim
180 1778 319 1808 unum
352 1776 409 1806 ex
443 1759 526 1816 iis,
560 1759 638 1823 qui
669 1759 717 1805 in
755 1759 997 1823 conspectu
1029 1777 1184 1821 erant,
1213 1763 1365 1811 dedita

69 1844 209 1900 opera
232 1834 406 1896 jubent.
443 1834 560 1880 Cum
587 1833 716 1880 staret
744 1834 929 1893 tacitus,
951 1837 1001 1882 &
1023 1837 1137 1883 circa
1155 1853 1256 1882 eum
1277 1837 1363 1883 ali-

69 1921 186 1972 quot
205 1907 471 1964 hominum,
491 1922 546 1951 ne
563 1904 684 1952 forte
702 1907 975 1966 violaretur,
990 1908 1253 1956 constitisset
1272 1910 1363 1973 glo-

44 1983 181 2040 vbus,
213 1981 415 2026 lictorem
451 1979 506 2025 ad
545 1996 647 2026 eum
679 1980 888 2026 consules
921 1982 1121 2029 mittunt.
1155 1999 1249 2047 quo
1291 2000 1365 2030 re-

67 2056 200 2121 pulso
216 2091 229 2113 ,
249 2068 344 2101 tum
365 2070 480 2100 vero
501 2090 515 2113 ,
535 2054 772 2118 indignum
796 2053 971 2101 facinus
998 2055 1106 2113 effe,
1127 2055 1364 2104 clamitan-

70 2143 168 2188 tes,
191 2130 271 2194 qui
305 2132 481 2176 Pati-um
523 2128 782 2176 consulibus
814 2130 1027 2187 aderant,
1056 2130 1277 2177 devolant
1309 2132 1365 2179 de

69 2202 312 2260 tribunali,
336 2214 387 2248 ut
415 2201 563 2247 lictori
596 2201 767 2247 auxilio
796 2202 947 2248 effcnt.
981 2201 1065 2247 Sed
1097 2203 1151 2249 ab
1181 2203 1370 2261 lictore,

77 2277 193 2325 nihil
216 2276 333 2322 aliud
354 2293 487 2340 quam
514 2271 792 2339 prehendere
824 2276 1057 2339 prohibito
1078 2313 1092 2334 ,
1124 2295 1227 2324 cum
1250 2294 1367 2325 con-

75 2349 228 2400 versus
259 2350 303 2395 in
323 2351 471 2396 Patres
498 2349 691 2413 impetus
724 2349 855 2409 effer,
881 2350 1115 2412 consulum
1147 2351 1370 2397 intercur-

77 2425 127 2472 su
157 2423 254 2470 rixa
277 2422 420 2469 sedata
452 2422 542 2469 est:
575 2424 622 2469 in
651 2439 741 2487 qua
763 2436 910 2468 tamen
928 2460 942 2480 ,
963 2423 1053 2470 fine
1082 2423 1252 2485 lapide,
1279 2422 1369 2469 fine

76 2497 200 2558 telo,
232 2497 331 2561 plus
360 2496 572 2544 clamoris
605 2509 738 2560 atque
771 2496 939 2543 irarum
960 2532 974 2555 ,
1005 2512 1137 2560 quam
1167 2494 1369 2559 injuriae‚
