1582 2793
272 143 896 223 HlsNJRtARUM
938 177 1078 223 ΜΒ.
1113 178 1213 225 111.
1314 193 1398 238 271

104 303 223 342 rox,
246 303 348 334 cum
369 285 496 334 omni
514 295 639 348 parte
667 301 830 347 pugnae
858 284 1016 332 melius
1042 302 1108 332 res
1129 284 1246 349 geri,
1271 302 1406 350 quam

107 364 226 426 apud
257 363 329 417 se,
362 363 566 418 videret,
601 373 785 423 accepta
820 359 940 424 signa
975 363 1029 408 ab
1061 361 1280 425 {igniferis
1315 361 1406 423 ipse

108 436 305 493 inferre,
334 434 539 497 quaedam
572 432 717 496 jacere
748 432 882 479 etiam
911 433 957 479 in
987 437 1220 481 confertos
1255 434 1406 481 hostes

110 522 266 572 coepit.
307 506 450 567 Cujus
488 507 754 570 ignominiae
799 520 922 554 metu
957 508 1176 554 concitati
1215 508 1409 566 milites,

107 581 311 627 invasere
347 579 536 626 hostem.
582 581 638 626 ita
676 594 848 643 aequata
885 598 940 626 ex
982 581 1109 626 omni
1145 598 1267 643 parte
1305 583 1409 628 vic-

108 653 226 699 toria
255 652 330 700 est.
364 651 565 698 Nuntius
586 664 683 698 tum
708 670 731 698 a
762 653 983 713 Quinctio
1009 653 1159 709 venit,
1187 654 1412 702 victorem

108 727 198 791 jam
221 727 263 774 se
290 727 527 773 imminere
555 727 747 773 hostium
778 727 958 774 castris:
989 728 1113 774 nolle
1134 727 1413 790 irrumpere,

112 815 352 864 antequam
382 800 488 846 sciat
514 800 790 846 debellatum
810 802 858 847 &
880 800 925 845 in
950 799 1123 846 finistro
1145 817 1291 846 cornu
1313 800 1414 848 effe.

111 875 156 920 Si
173 873 261 936 jam
284 873 462 920 fudiss'et
481 872 648 930 hostes,
673 872 901 920 conferret
923 874 978 919 ad
998 873 1040 919 se
1060 873 1198 936 signa,
1217 886 1266 918 ut
1285 872 1414 918 fimul

112 949 263 995 omnis
291 946 518 995 exercitus
550 947 701 1009 praeda
735 947 976 1009 potiretur.
1024 946 1184 992 Viaor
1214 946 1414 1009 Agrippa

111 1039 215 1069 cum
236 1032 393 1068 mutua
425 1018 731 1083 gratulatione
763 1018 816 1063 ad
836 1016 1059 1062 victorem
1088 1016 1308 1079 collegam
1339 1034 1414 1064 ca-

112 1093 290 1156 straque
306 1091 503 1138 hostium
525 1090 663 1136 venit.
684 1089 747 1135 ibi
767 1089 921 1151 paucis
938 1087 1301 1144 defendentibus,
1317 1105 1416 1134 mo-

112 1179 363 1230 mentoque
396 1166 527 1222 fuffi,
553 1163 646 1210 fine
683 1165 926 1211 certamine
959 1165 1004 1209 in
1036 1164 1314 1211 munitiones
1348 1164 1413 1209 ir-

110 1252 359 1303 rumpunt:
391 1237 633 1302 praedaque
654 1237 825 1300 ingenti
846 1248 1112 1299 compotem
1134 1236 1383 1284 exercitum
1399 1266 1416 1291 ,

110 1312 198 1360 suis
220 1312 352 1359 etiait.
372 1312 503 1359 ratius
523 1308 819 1372 recuperatis,
838 1326 939 1373 quae
957 1309 1257 1372 populatione
1278 1327 1415 1373 agro-

111 1405 211 1434 rum
241 1385 403 1434 amill‘ae
436 1396 595 1443 erant,
621 1386 862 1433 reducunt.
895 1385 1198 1448 Triumphum
1228 1403 1312 1432 nec
1341 1386 1413 1448 ip-

111 1458 184 1506 sos
208 1456 471 1522 postulasse,
492 1473 575 1504 nec
604 1457 801 1504 delatum
828 1457 882 1504 iis
902 1457 958 1503 ab
989 1456 1173 1514 senatu,
1203 1456 1413 1519 accipio:

110 1548 196 1578 nec
219 1531 410 1577 traditur
440 1529 570 1576 causa
600 1529 734 1592 spreti
769 1540 846 1575 aut
874 1545 971 1574 non
1011 1527 1171 1591 sperati
1205 1528 1413 1575 honoris.

111 1604 211 1666 Ego
248 1615 467 1666 quantum
488 1601 534 1647 in
556 1612 686 1647 tanto
719 1600 964 1648 intervallo
999 1612 1258 1662 temporum
1295 1616 1414 1646 con-

112 1673 252 1738 jicio,
281 1692 384 1721 cum
405 1673 587 1720 Valerio
616 1685 749 1737 atque
780 1673 974 1720 Horatio
1009 1671 1268 1720 consulibus
1288 1710 1302 1731 ,
1335 1672 1416 1736 qui

113 1760 278 1811 praeter
297 1746 493 1793 Volscos
513 1747 562 1793 &
585 1745 759 1808 AEquos
778 1744 930 1791 Sabini
952 1745 1085 1791 etiam
1106 1744 1212 1790 belli
1236 1742 1416 1807 perfec-

114 1820 149 1865 ti
184 1819 374 1882 gloriam
410 1830 710 1881 pepererant,
748 1831 934 1882 negatus
969 1819 1025 1866 ab
1066 1817 1220 1864 senatu
1249 1816 1414 1862 trium-

115 1892 230 1955 phus
249 1892 380 1938 esset:
414 1891 705 1939 verecundiae
743 1891 831 1939 fuit
856 1909 943 1956 pro
971 1905 1096 1956 parte
1127 1890 1310 1938 dimidia
1343 1905 1416 1935 re-

117 1984 219 2013 rum
239 1965 499 2013 consulibus
520 1980 672 2028 petere
691 1966 973 2030 triumphum
991 1985 1000 2014 :
1029 1984 1084 2013 ne
1102 1965 1260 2022 etiam,
1281 1963 1311 2010 fi
1333 1964 1418 2010 im-

118 2039 386 2104 petrassent,
418 2038 556 2102 magis
593 2039 834 2087 hominum
871 2041 989 2088 ratio
1010 2077 1024 2100 ,
1056 2056 1191 2104 quam
1227 2036 1417 2084 merito·-

118 2131 221 2164 rum
241 2150 254 2170 ‚
288 2113 436 2160 habita
457 2112 702 2161 videretur.

184 2188 355 2234 LXX1.
379 2185 629 2232 Victoriam
652 2184 887 2231 honestam
909 2199 964 2230 ex
990 2182 1195 2231 hostibus
1218 2196 1413 2248 partam,

119 2275 250 2326 turpe
288 2261 415 2308 domi
456 2261 510 2307 de
542 2259 707 2307 finibus
741 2259 970 2307 sociorum
1006 2258 1223 2320 judicium
1256 2259 1414 2322 populi

121 2336 413 2385 deformavit.
435 2335 609 2382 Aricini
630 2346 764 2398 atque
779 2334 991 2380 Ardeates
1006 2334 1059 2379 de
1075 2333 1286 2396 ambiguo
1305 2347 1414 2395 agro

122 2429 228 2459 cum
263 2410 376 2473 saepe
417 2410 540 2458 bello
573 2409 837 2468 certassent,
868 2408 1019 2455 multis
1048 2407 1242 2455 invicem
1274 2405 1415 2452 cladi-

120 2488 208 2536 bus
228 2487 319 2535 feffi
334 2523 349 2545 ,
363 2486 560 2549 judicem
577 2486 801 2551 populum
818 2486 1077 2534 Romanum
1098 2498 1266 2546 cepere.
1291 2481 1411 2528 Cum
