1582 2793
267 169 878 221 HISTORIARUM
916 172 1050 221 me.
1089 175 1152 222 11.
1267 191 1356 242 159

62 298 181 347 gna,
205 298 339 346 quam
366 281 414 327 in
444 295 603 327 omnes
631 291 777 342 partes
798 296 947 341 parem
977 282 1286 343 intenderant,
1307 285 1355 330 in

60 373 201 404 unum
222 357 373 403 locum
400 353 440 401 se
469 370 626 400 omnes
655 353 890 400 inclinant.
927 369 1008 411 eo,
1033 356 1112 401 nisi
1146 359 1355 419 corporia

59 428 144 475 bus
181 426 400 491 armisque
421 443 612 489 ‚rupere
647 442 796 473 cuneo
832 426 971 474 viam.
1020 427 1169 474 Duxit
1199 431 1275 476 via
1305 431 1354 476 in

61 500 230 548 editum
257 499 417 546 leniter
443 499 624 546 collem.
659 499 763 546 inde
786 499 936 562 primo
968 497 1178 548 restitere.
1211 520 1357 562 mox,

61 586 114 620 ut
144 572 391 636 respirandi
426 572 630 636 superior
664 573 794 620 locus
828 572 1015 636 spatium
1051 573 1202 631 dedit,
1235 578 1353 623 reci-

60 646 306 710 piendique
326 663 350 692 a
370 663 546 708 pavore
570 658 700 693 tanto
726 645 924 692 animum
939 683 956 704 ,
975 646 1186 709 pepulere
1219 650 1354 696 etiam

60 718 329 766 subeuntes:
368 718 676 782 vincebatque
711 719 886 766 auxilio
923 719 1016 766 loci
1050 719 1282 783 paucitas,
1306 722 1356 769 ni

60 793 170 858 jugo
204 794 533 842 circummissus
563 792 729 856 Vejens
759 795 806 840 in
838 792 1058 841 verticem
1089 793 1218 841 collis
1249 811 1356 841 eva·

59 871 186 918 sisset.
227 871 288 918 ita
316 870 520 934 superior
552 868 701 916 rursus
732 869 871 916 hostis
902 869 1056 916 fastus.
1107 869 1228 916 Fabii
1256 870 1356 917 caefi

59 943 117 988 ad
153 959 293 988 unum
321 958 508 1000 omnes,
529 941 871 1005 praesidiumque
903 953 1223 1005 expugnatum.
1260 954 1357 989 tre-

58 1026 221 1061 centos
247 1013 321 1060 sex
348 1012 503 1077 periffe
525 1012 625 1059 satis
647 1013 898 1059 convenit:
933 1029 1074 1059 unum
1096 1028 1241 1076 prope
1269 1030 1355 1076 pu·-

56 1086 210 1133 berem
237 1097 362 1132 aetate
389 1085 618 1143 relifihlm,
637 1084 816 1148 stirpem
840 1084 962 1148 genti
989 1085 1162 1141 Fabiae‚
1182 1085 1353 1131 dubiis-

55 1174 147 1220 que
177 1157 307 1204 rebus
338 1156 503 1220 populi
532 1156 730 1202 Romani
764 1155 879 1219 saepe
908 1155 1034 1204 domi
1062 1156 1256 1220 bellique
1273 1156 1353 1205 vel

56 1231 304 1278 maximum
342 1229 546 1275 futurum
580 1228 816 1276 auxilium.

123 1305 193 1349 LI.
219 1304 340 1350 Cum
361 1302 457 1350 haec
480 1314 664 1366 accepta
683 1303 830 1350 clades
859 1303 991 1363 effer,
1017 1302 1104 1366 jam
1125 1305 1180 1351 C.
1201 1305 1356 1352 Hora-

56 1378 146 1426 tius
166 1380 215 1426 ὅ(
236 1381 292 1426 Τ.
313 1378 554 1426 Menenius
583 1377 788 1425 consules
825 1390 966 1425 erant.
1001 1378 1238 1427 Menenius
1269 1380 1352 1426 ad·-

57 1453 210 1500 versus
229 1451 404 1500 Tuscos
419 1452 612 1499 vif-toria
628 1453 771 1500 elatos
792 1452 1030 1501 confestim
1045 1453 1209 1502 miffus.
1229 1456 1354 1502 Tum

54 1542 240 1590 quoque
276 1525 392 1572 male
425 1537 673 1589 pugnatum
706 1525 768 1572 est
787 1561 801 1583 ‚
833 1527 884 1574 &
914 1525 1169 1574 Ianiculum
1200 1525 1352 1574 hostes

55 1616 374 1662 occupavere:
409 1598 669 1662 obsessaque
699 1598 804 1646 urbs
835 1598 986 1657 foret,
1017 1599 1145 1663 super
1179 1599 1350 1646 bellum

53 1689 239 1718 annona
266 1683 525 1735 premente,
553 1669 848 1735 (transierant
881 1672 1001 1719 enim
1021 1671 1193 1720 Etrusci
1209 1672 1351 1720 Tibe-

54 1749 171 1810 rim>
201 1749 248 1794 ni
278 1748 498 1795 Horatius
530 1746 689 1793 consul
721 1763 777 1793 ex
809 1744 988 1793 Volscis
1020 1745 1126 1792 esset
1156 1761 1352 1793 revoca-

52 1835 156 1870 tus:
188 1824 394 1886 adeoque
426 1821 474 1867 id
502 1820 670 1868 bellum
700 1819 803 1883 ipfis
831 1819 990 1867 institit
1018 1819 1278 1877 moenibus,
1298 1831 1351 1866 ut

52 1894 205 1958 primo
230 1907 479 1959 pugnatum
511 1893 567 1939 ad
593 1891 696 1955 Spei
724 1892 776 1938 fit
810 1909 944 1957 aequo
974 1893 1149 1948 Marte,
1181 1891 1350 1938 iterum

52 1969 108 2015 ad
137 1981 316 2032 portam
337 1966 584 2014 Collinam.
614 1965 680 2011 lbi
701 1982 957 2029 quanquam
978 1980 1126 2028 parvo·
1141 1980 1351 2011 momen-

51 2053 111 2088 to*
134 2042 337 2105 superior
357 2041 565 2087 Romana
591 2055 660 2087 res
690 2038 802 2097 fuit,
832 2038 1069 2085 meliorem
1096 2049 1247 2085 tamen
1264 2036 1349 2083 mi-

52 2111 176 2161 litem
195 2151 208 2172 ,
237 2126 424 2176 recepto
454 2112 645 2176 pristino
665 2113 818 2158 animo
834 2147 848 2170 ‚
871 2111 916 2157 in
947 2110 1098 2158 futura
1115 2110 1278 2174 proelia
1299 2108 1347 2156 id

52 2200 282 2233 certamen
311 2186 434 2233 fecit.
471 2188 525 2233 A.
546 2185 779 2250 Virginius
811 2187 860 2232 ὅ(
892 2187 967 2248 Sp.
988 2184 1207 2231 Servilius
1229 2200 1347 2231 con-

51 2259 164 2306 sules
195 2258 326 2306 fiunt.
364 2259 465 2322 post
495 2271 726 2321 acceptam
761 2258 1021 2320 proximam
1051 2273 1214 2320 pugnae
1251 2254 1346 2302 cla-

51 2333 153 2378 dem
174 2331 386 2393 Veientes
416 2332 668 2379 abstinuere
695 2331 805 2378 acie.
838 2330 1160 2394 populationes
1191 2340 1345 2386 erant,

52 2406 104 2451 &
124 2403 252 2450 velut
272 2405 328 2450 ab
346 2421 448 2451 arce
462 2403 658 2452 Janiculi
677 2405 830 2468 paffim
848 2405 894 2450 in
909 2404 1170 2450 Romanum
1189 2418 1347 2465 agrum

50 2479 245 2543 impetus
280 2479 460 2529 dabant.
514 2497 611 2529 non
649 2480 836 2544 usquam
882 2495 1049 2543 pecora
1083 2489 1212 2534 tuta,
1246 2489 1345 2525 non
