1582 2793
152 198 214 262 56
504 197 1079 249 TITILIVII

147 322 210 371 go
230 305 382 354 virum
402 310 582 366 ‚‘cetera
604 303 833 374 egregium
849 347 861 369 ‚
891 311 1040 359 secuta
1062 347 1076 370 ‚
1116 328 1249 375 quam
1282 312 1329 360 in
1364 329 1444 376 pe-

154 379 295 426 tendo
326 379 566 441 habuerat,
596 383 729 429 etiam
750 396 1011 446 regnantem
1035 384 1225 431 ambitio
1256 384 1331 431 est.
1362 401 1446 431 nec

149 451 302 498 minus
322 451 447 515 regni
468 452 533 499 sui
560 452 799 511 firmandi,
829 472 964 517 quam
991 456 1206 520 augendae
1232 455 1449 520 reipubli-

148 541 217 573 cae
258 542 466 585 memor,
506 538 688 575 centum
724 526 772 574 in
808 529 955 575 Patres
989 529 1130 592 legit3
1172 530 1250 594 qui
1284 529 1446 577 deinde

147 598 385 645 minorum
413 600 613 663 gentium
641 599 743 646 sunt
775 600 1013 663 appellati:
1049 601 1184 649 faffio
1214 603 1335 650 haud
1363 602 1450 648 du-

150 672 227 721 bia
255 674 396 737 regis,
416 672 542 735 cujus
564 672 787 722 beneficio
806 673 854 721 in
873 673 1044 722 curiam
1074 688 1308 724 venerant.
1344 673 1449 722 Bel-

149 745 247 793 lum
285 748 483 809 primum
516 764 621 794 cum
655 747 822 795 Latinis
850 748 1007 812 geffit,
1040 749 1091 797 &
1128 748 1348 813 oppidum
1387 747 1451 795 ibi

156 823 346 885 Apiolas
382 822 431 869 vi
471 822 622 884 cepit:
656 822 895 886 praedaque
931 822 1036 869 inde
1074 823 1281 885 majore,
1316 840 1451 886 quam

152 913 323 962 quanta
355 898 461 944 belli
495 897 611 944 fama
644 897 818 956 fuerat,
850 899 1030 945 revefia
1051 935 1065 958 ,
1097 898 1230 945 ludos
1248 894 1453 961 ‘opulen-

155 973 248 1019 tius
271 970 612 1034 instruffiusque
626 1007 639 1029 ,
661 989 795 1035 quam
815 971 990 1034 priores
1012 989 1135 1035 reges
1151 1008 1164 1028 ‚
1190 971 1310 1019 fecit.
1332 971 1454 1017 Tum

160 1044 357 1108 primum
387 1043 513 1090 circo
530 1080 544 1101 ‚
571 1044 649 1106 qui
677 1061 798 1091 nunc
824 1044 1047 1092 maximus
1077 1044 1240 1092 dicitur
1257 1079 1271 1101 ‚
1310 1042 1454 1106 defig-

160 1131 296 1166 natus
312 1118 443 1164 locus
471 1117 559 1164 est:
589 1118 692 1165 loca
716 1117 859 1164 divisa
884 1118 1087 1165 Patribus
1113 1117 1456 1181 equitibusque,

161 1191 239 1237 ubi
262 1191 507 1253 speRacula
528 1191 608 1237 fibi
638 1190 825 1255 quisque
854 1191 1053 1239 facerent
1072 1229 1086 1251 ,
1118 1192 1208 1239 fori
1232 1190 1458 1255 appellati.

162 1265 435 1326 SpeElavere
467 1262 606 1311 fiircis
637 1264 875 1312 duodenos
904 1265 958 1311 ab
977 1277 1096 1311 terra
1116 1264 1358 1327 speelacula
1391 1264 1458 1311 al-

166 1350 213 1386 ta
231 1338 546 1386 sustinentibus
576 1338 725 1401 pedes.
756 1339 999 1387 Ludicrum
1028 1339 1116 1387 fuit
1141 1340 1246 1401 equi
1269 1338 1459 1402 pugiles-

167 1428 291 1475 que,
324 1428 380 1457 ex
415 1411 597 1458 Etruria
621 1411 819 1458 maxime
851 1412 998 1460 acciti.
1032 1412 1271 1459 sollemnes
1298 1411 1460 1459 deinde

166 1484 307 1532 annui
339 1484 539 1532 mansere
568 1484 690 1544 ludi,
722 1486 922 1533 Romani
942 1486 1187 1550 Magnique
1223 1484 1348 1533 varie
1382 1503 1463 1549 ap—

168 1556 337 1621 pellati.
384 1557 458 1603 Ab
497 1557 659 1604 eodem
698 1574 803 1622 rege
843 1561 892 1608 &
928 1559 1047 1607 circa
1080 1557 1232 1605 forum
1269 1558 1463 1621 privatis

168 1630 432 1679 aedificanda
463 1631 606 1680 divisa
634 1631 734 1679 sunt
768 1632 902 1693 loca;
938 1632 1146 1698 porticus
1178 1633 1464 1697 tabernaeque

174 1705 313 1753 faelae.

237 1780 460 1829 XXXVI.
497 1782 636 1827 Muro
667 1796 853 1844 quoque
881 1780 1061 1844 lapideo
1086 1779 1367 1828 circumdare
1393 1797 1468 1827 ur·

172 1858 275 1904 bem
313 1855 523 1919 parabat,
559 1872 663 1903 cum
689 1855 905 1903 Sabinum
938 1856 1108 1903 bellum
1139 1853 1304 1917 coeptis
1330 1853 1470 1900 inter-

173 1930 319 1978 venit.
354 1930 575 1993 Adeoque
608 1947 659 1975 ea
689 1929 832 1976 subita
862 1946 930 1975 res
958 1928 1070 1986 fuit,
1100 1940 1152 1974 ut
1180 1925 1305 1990 prius
1326 1924 1469 1973 Anie-

174 2020 278 2051 nem
313 2002 550 2049 transirent
579 2001 728 2048 hostes
747 2037 762 2060 ,
794 2019 930 2065 quam
966 2000 1153 2049 obviam
1185 1999 1249 2045 ire
1276 2014 1327 2045 ac
1357 2014 1470 2060 pro-

175 2076 331 2123 hibere
365 2077 592 2124 exercitus
621 2077 856 2122 Romanus
887 2075 1047 2139 poffet.
1085 2076 1240 2137 ltaque
1269 2070 1471 2134 trepida-

175 2161 275 2195 tum
307 2150 469 2194 Romae
501 2148 576 2195 est.
617 2148 668 2196 &
701 2148 852 2211 primo
895 2147 1032 2196 dubia
1060 2144 1283 2204 vieloria,
1313 2160 1474 2207 magna

176 2221 388 2284 utrinque
420 2221 542 2267 caede
588 2233 834 2284 pugnatum
871 2221 950 2267 est.
994 2218 1206 2265 Reduffis
1234 2217 1395 2264 deinde
1425 2217 1473 2266 in

178 2294 322 2342 castra
355 2294 552 2342 hostium
590 2295 766 2358 copiis,
805 2295 1006 2358 datoque
1043 2292 1185 2355 spatio
1225 2292 1473 2352 Romanis,

178 2369 236 2414 ad
268 2369 621 2430 comparandum
648 2369 702 2415 de
729 2370 906 2431 integro
938 2367 1107 2413 bellum
1125 2402 1139 2424 ‚
1170 2364 1475 2429 Tarquinius,

180 2442 381 2505 equitem
412 2442 606 2489 maxime
626 2443 712 2490 suis
736 2442 877 2490 deeffe
897 2442 1073 2489 viribus
1098 2452 1243 2498 ratus,
1267 2439 1321 2485 ad
1343 2440 1475 2485 Ram·

180 2531 294 2577 nes,
318 2515 569 2577 Titienses,
599 2518 820 2575 Lucere5‚
851 2532 962 2580 quas
992 2513 1215 2562 centurias
1248 2513 1477 2561 Romulus
