1582 2793
292 157 891 205 H1sT0R1ARuM
942 159 1079 207 ΜΒ.
1126 162 1155 207 1.
1346 167 1369 218 ς

134 265 198 314 qui
219 265 367 316 primus
390 272 549 303 matrem
569 262 761 303 osculatus
778 263 882 304 ess'et.
901 266 1018 314 Quod
1044 266 1262 318 responsum
1281 279 1371 308 cum

135 326 202 377 ipsi
235 327 343 366 aliter
367 327 730 379 interpretarentur,
759 328 894 376 Junius
927 328 1090 378 Brutus,
1116 331 1179 381 qui
1208 343 1296 369 cum
1327 330 1373 369 iis

135 391 332 441 profectus
354 400 459 440 erat,
490 390 709 443 prolapsum
735 391 773 430 se
801 391 1010 439 simulavit,
1037 396 1070 432 ἃ
1101 404 1237 433 terram
1265 393 1373 433 oseu-

136 453 238 495 latus
273 455 336 495 est.
381 457 496 507 idque
525 457 672 496 faetum
701 458 783 506 ejus
810 466 969 495 eventus
1005 456 1056 494 rei
1094 458 1375 508 comprobavit.

136 517 237 558 Nam
270 529 384 565 cum,
416 518 650 569 impotenter
683 516 719 556 se
746 518 914 568 gerendo
934 548 945 566 ,
978 518 1208 568 Tarquinius
1228 520 1374 570 Super-

139 577 209 618 bus
232 592 365 619 omnes
390 580 428 618 in
453 581 587 620 odium
618 579 672 619 sui
696 579 1007 628 adduxiffetyad
1026 579 1205 619 ultimum
1221 611 1231 627 ,
1258 594 1373 631 prop.

137 650 195 680 ter
219 652 476 695 expugnatam
502 645 688 683 noc‘turna
718 643 754 682 vi
786 657 806 683 a
829 644 944 683 Sexto
973 641 1052 681 filio
1082 645 1165 693 ejus
1188 643 1372 683 Lucreti-te

136 706 366 755 pudicitiam
402 715 529 760 (quae,
560 714 697 746 vocato
722 715 831 757 patre
860 708 907 746 ad
940 706 977 746 se
1002 708 1230 759 Tricipitino
1261 710 1295 746 ἃ
1318 708 1375 745 vi-

136 780 179 806 ro
203 767 419 817 Collatino,
445 769 653 817 obtestata,
683 782 731 807 ne
755 768 878 808 inulta
905 783 1004 808 mors
1035 772 1117 819 eju&
1145 769 1261 817 esset,
1291 768 1378 809 cul-

137 839 197 870 tro
225 832 262 872 se
284 833 495 872 interemi&
527 834 632 873 Bruti
659 846 773 884 opera
799 833 965 872 maxime
988 832 1165 884 expulsus
1187 831 1260 879 est,
1287 843 1380 872 cum

136 895 325 946 regnaffet
352 909 471 935 annos
496 896 627 946 vigiiti
652 896 833 946 quinque.
864 896 978 936 Tunc
1002 895 1176 935 consules
1203 895 1374 945 primum

137 959 255 999 creati
279 958 366 1000 sunt
390 960 431 1002 L.
455 960 592 1010 ,Iunius
616 961 754 1001 Brutus
779 962 814 1001 ἃ
841 960 883 1001 L.
898 960 1130 1012 Tarquinius
1146 958 1373 1000 Collatinus.

247 1149 1214 1220 PRAEFATIO.

86 1286 210 1404 Fa
231 1367 260 1400 c
280 1369 313 1401 τ
329 1369 364 1402 u
382 1369 413 1401 R
430 1368 464 1401 υ
482 1369 555 1402 SN
572 1369 599 1402 E
634 1371 788 1418 operae
819 1349 1013 1414 pretium
1042 1349 1121 1396 fim
1141 1385 1156 1409 ‚
1184 1349 1217 1397 fi
1233 1366 1256 1397 a
1286 1349 1379 1414 pr}-

85 1426 271 1476 mordio
313 1428 438 1475 urbis
476 1445 547 1476 res
581 1428 744 1492 populi
774 1425 971 1474 Romani
1012 1423 1382 1488 perscripserim,

86 1518 171 1549 nec
196 1499 295 1548 satis
315 1500 438 1557 sci0;
470 1509 581 1561 nec,
604 1503 634 1548 si
658 1502 817 1560 sciam,
840 1501 989 1548 dicere
1014 1498 1150 1546 aufim
1167 1516 1181 1543 τ
1211 1498 1382 1561 quippe

85 1574 166 1638 qui
194 1590 294 1621 curn
315 1586 511 1624 veterem
528 1610 542 1632 ,
573 1587 668 1621 tum
690 1574 922 1638 vulgatam
950 1571 1034 1618 effe
1056 1587 1149 1617 rem
1172 1569 1382 1626 videam3

86 1649 194 1695 dum
221 1648 337 1695 novi
371 1647 543 1710 semper
565 1647 807 1712 scriptores
824 1683 838 1704 ‚
871 1659 947 1694 aut
978 1646 1022 1693 in
1048 1644 1180 1692 rebus
1211 1645 1382 1690 certlus

87 1720 259 1784 aliquid
288 1719 504 1767 allaturos
540 1719 611 1778 se,
654 1732 729 1766 aut
750 1718 975 1767 scribendi
997 1729 1090 1764 arte
1114 1716 1273 1762 rudem
1295 1731 1382 1762 ve-

87 1793 293 1841 tustatem
328 1793 612 1857 superaturos
640 1795 846 1841 credunt.
884 1795 1129 1855 Utcunque
1158 1790 1243 1837 erit
1263 1825 1276 1848 ,
1308 1788 1383 1850 ju-

89 1866 220 1913 vabit
249 1879 430 1926 tamen,
468 1883 614 1914 rerum
644 1866 860 1931 gestarum
893 1863 1128 1911 memoriae
1164 1863 1387 1927 principis

86 1951 315 1987 terrarum
333 1939 491 2001 populi
522 1955 607 2003 pro
638 1939 762 1985 virili
783 1951 907 2001 parte
926 1940 975 1985 ὅ(
1003 1953 1074 1983 me
1102 1937 1245 2000 ipsum
1269 1952 1386 1984 con-

89 2012 292 2067 suluisse3
311 2013 362 2060 &
382 2049 397 2069 ‚
432 2013 461 2060 fi
488 2012 534 2059 in
560 2025 683 2060 tanta
704 2012 972 2075 scriptorum
995 2009 1124 2056 turba
1141 2026 1241 2056 mea
1264 2009 1388 2057 fama

90 2086 140 2134 in
171 2085 369 2133 obscuro
393 2085 470 2143 fit,
505 2086 741 2134 nobilitate
769 2094 820 2134 ac
846 2084 1154 2149 magnitudine
1191 2099 1353 2131 eorum
1370 2118 1391 2142 ,

90 2175 196 2207 meo
236 2159 314 2221 qui
351 2158 528 2205 nomini
559 2159 790 2217 officient,
819 2176 892 2206 me
927 2156 1150 2205 consoler.
1199 2158 1288 2203 Res
1323 2155 1389 2203 est

90 2244 307 2296 praeterea
326 2234 376 2281 &
404 2232 607 2280 immenfi
640 2233 790 2296 operis
809 2269 829 2289 ,
857 2247 909 2279 ut
933 2249 1036 2296 quae
1059 2231 1190 2294 supra
1218 2229 1391 2292 septin-

92 2305 382 2372 gentefimum
411 2323 581 2354 annum
604 2319 857 2370 repetatur;
891 2308 940 2354 &
961 2323 1090 2370 quae,
1119 2305 1176 2352 ab
1214 2302 1395 2366 exiguis

92 2377 294 2441 profesta
322 2378 493 2437 initiis,
527 2396 584 2426 eo
612 2380 837 2437 creverit,
868 2392 920 2427 ut
949 2378 1040 2441 jam
1074 2375 1391 2441 magnitudine

92 2450 272 2500 laboret
290 2451 391 2502 sua:
425 2453 738 2519 &legentium
759 2452 1013 2519 plerisque,
1040 2451 1161 2498 haud
1190 2448 1392 2508 dubito,
