1582 2793
179 164 326 242 94⁸
530 174 1093 224 T1T1L1v11

181 302 315 348 quam
349 285 421 347 Sp.
441 284 671 332 Lucretius
690 321 702 343 ,
732 285 876 348 major
899 298 1024 333 aetate
1054 304 1104 333 ac
1128 284 1367 349 dignitate,
1393 284 1461 333 so*

182 376 257 405 cer
284 372 495 420 praeterea
529 357 662 421 ipsius
679 395 692 415 ,
720 376 848 421 agere
873 359 1023 417 varie,
1050 359 1254 422 rogando
1282 358 1464 405 alternis

181 430 526 494 suadendoque,
563 432 736 494 coepit,
771 447 820 478 ut
858 431 982 479 vinci
1019 432 1059 478 se
1094 432 1312 479 consensu
1343 433 1464 480 civi-

181 504 284 552 tatis
312 515 567 566 pateretur3
589 503 750 549 timens
779 502 961 561 consul,
986 520 1040 549 ne
1064 503 1352 566 postmodum
1373 503 1464 567 pri-

182 590 293 625 vato
321 578 400 624 fibi
429 578 582 624 eadem
612 577 687 625 illa
717 595 818 625 cum
840 579 1069 625 bonorum
1097 580 1355 637 amissione,
1383 580 1464 626 ad-

182 651 361 714 ditaque
386 650 471 696 alia
502 650 684 713 insuper
707 651 989 715 ignominia,
1019 651 1299 710 acciderent,
1335 653 1463 699 abdi-

182 724 306 772 cavit
335 723 374 769 se
406 722 673 770 consulatu:
706 722 927 786 rebusque
961 723 1046 769 suis
1080 724 1292 771 omnibus
1323 724 1464 771 Lavi-

184 797 310 842 nium
339 794 591 853 translatis,
622 796 807 843 civitate
829 796 963 842 ceffit.
994 796 1153 844 Brutus
1187 813 1242 842 ex
1271 795 1466 843 senatus-

184 867 394 916 consulto
429 868 483 913 ad
511 869 736 931 populum
774 869 877 915 tulit
895 906 910 926 ,
939 881 987 914 ut
1017 885 1174 914 omnes
1201 869 1463 933 Tarquinia:

183 941 327 1006 gentis
357 939 526 987 exsules
558 942 723 989 efl'ent:
761 939 978 1007 collegam
1012 944 1091 989 fibi
1126 944 1321 992 comitiis
1354 963 1463 993 cen-

187 1014 360 1062 turiatis
395 1014 566 1063 creavit
599 1017 645 1062 P.
679 1016 939 1074 Valerium,
975 1033 1068 1080 quo
1103 1015 1309 1078 adjutore
1340 1035 1463 1082 reges

184 1089 387 1154 ejecerat.

250 1166 320 1210 111.
356 1163 475 1209 Cum
505 1160 621 1207 haud
650 1160 859 1224 cuiquam
888 1160 933 1207 in
963 1162 1105 1208 dubio
1133 1162 1265 1222 effer,
1294 1162 1464 1210 bellum

186 1239 239 1286 ab
271 1235 529 1299 Tarquiniis
563 1234 828 1295 imminere,
860 1234 906 1281 id
940 1235 1119 1299 quidem
1152 1235 1225 1299 spe
1258 1238 1465 1284 omnium

127 1306 130 1307 ⁷
187 1312 323 1361 serius
351 1310 448 1357 fuit.
490 1321 718 1367 ceterum,
751 1308 797 1355 id
826 1310 951 1373 quod
982 1326 1078 1355 non
1107 1310 1351 1369 timebant,
1384 1327 1466 1374 per

188 1386 346 1433 dolum
380 1402 432 1432 ac
463 1383 770 1446 proditionem
811 1401 954 1447 prope
989 1384 1168 1431 libertas
1209 1386 1355 1432 amifl'a
1389 1385 1465 1435 est.

186 1465 326 1509 Erant
356 1460 403 1506 in
433 1459 640 1506 Romana
665 1458 904 1521 juventute
935 1460 1236 1508 adolescentes
1265 1462 1466 1526 aliquot,

188 1552 272 1583 nec
292 1532 467 1581 ii‘tenui
493 1532 600 1579 loco
625 1532 744 1591 orti,
776 1549 969 1596 quorum
991 1535 1037 1579 in
1064 1551 1202 1598 regno
1227 1535 1369 1582 libido
1392 1536 1467 1583 so-

188 1609 330 1655 lutior
370 1607 549 1665 fuerat,
591 1606 784 1669 aequales
822 1606 1077 1671 sodalesque
1115 1608 1467 1657 adolescentium

189 1682 581 1748 Tarquiniorum,
624 1680 779 1727 affueti
811 1698 939 1727 more
974 1681 1098 1744 regio
1140 1681 1315 1730 vivere.
1357 1685 1467 1730 Eam

184 1769 317 1814 zum,
352 1768 528 1819 aequato
557 1753 653 1816 jure
682 1753 915 1813 omnium,
933 1754 1160 1802 licentiam
1189 1768 1466 1817 quaerenteS‚

190 1829 440 1876 libertatem
472 1827 662 1874 aliorum
689 1827 735 1872 in
764 1827 884 1873 suam
909 1828 1086 1874 vertisse
1116 1828 1374 1875 servitutem
1398 1828 1465 1874 in-

190 1914 260 1948 ter
292 1900 334 1947 se
359 1900 766 1962 conquerebantur.
803 1903 954 1962 Regem
981 1903 1185 1946 hominem
1215 1898 1284 1965 effi
1300 1936 1314 1957 ‚
1338 1921 1365 1946 a
1387 1920 1466 1963 quo

192 1978 402 2036 impetres,
432 1976 503 2020 ubi
522 1973 600 2029 jus
615 2009 628 2031 ,
650 1975 721 2019 ubi
747 1972 909 2030 injuria
931 1973 1126 2040 opus-site
1158 1971 1228 2038 effe
1244 1978 1386 2035 gratiae
1404 1978 1466 2019 lo—

192 2066 282 2093 cum
299 2082 312 2104 ,
348 2045 418 2110 effi
448 2049 665 2106 benefici&
696 2045 737 2093 G·
764 2048 889 2106 irasci
920 2046 963 2092 G*
982 2048 1181 2109 ignosisere
1197 2046 1339 2110 poffl:
1364 2050 1470 2092 inter

191 2124 370 2166 amicum
387 2136 503 2180 atque
520 2123 736 2165 inimicum
755 2121 974 2179 dishrirnen
991 2118 1110 2184 noffi.
1139 2122 1262 2182 Leges
1278 2139 1359 2167 rem
1365 2121 1466 2180 sur-

191 2197 319 2249 dam,
343 2194 637 2237 inexorabilem
668 2190 737 2255 effe
752 2228 767 2247 ‚
785 2192 1058 2252 salubriorem
1079 2196 1356 2253 melioremque
1375 2196 1465 2238 ino-

186 2268 237 2326 pi
254 2300 270 2321 ,
303 2283 425 2324 quam
450 2267 640 2324 potenti:
679 2265 794 2308 nihil
823 2267 1056 2310 laxamenti
1086 2284 1157 2310 nec
1188 2270 1315 2312 venite
1344 2268 1467 2311 kabe-

193 2356 259 2393 re,
274 2337 325 2400 st
349 2340 514 2382 modum
537 2333 754 2399 excqffieriS.
788 2338 1064 2397 periculofimz
1094 2336 1163 2402 eſje
1184 2375 1197 2394 ‚
1227 2342 1273 2384 in
1304 2355 1365 2384 tot
1386 2342 1465 2384 lzu-

192 2413 333 2455 manis
364 2413 559 2456 erroribus
575 2411 674 2469 sola
706 2413 941 2454 innocentia
970 2414 1112 2457 vivere.
1147 2414 1208 2458 Ita
1228 2448 1242 2469 ,
1273 2410 1360 2473 jam
1391 2411 1466 2458 sua

194 2481 353 2545 sponte
391 2482 519 2546 aegris
549 2481 740 2541 animis,
775 2481 908 2545 legati
942 2483 998 2528 ab
1036 2483 1211 2547 regibus
1247 2483 1464 2548 superve-
