1680 2803
250 161 376 197 mvl
638 153 1218 202 TITILIVII

249 259 356 303 torii
388 257 550 305 ostium
572 295 585 317 ,
620 258 698 306 sub
729 278 888 324 magna
924 261 1062 310 statua
1095 280 1347 312 marmorea
1377 264 1542 315 librum

250 354 452 400 apertum
487 352 691 402 tenente,
725 361 998 408 manumque
1029 346 1100 393 ori
1130 349 1407 395 admovente
1436 367 1541 398 cum

246 420 338 467 hoc
371 421 618 485 symbolo,
657 426 824 470 Parvus
856 427 970 495 igni?
1000 445 1199 490 magnum
1221 431 1335 490 saepe
1355 432 1544 492 figfcitczc

244 508 482 551 incendium
505 505 741 568 ,majores
774 506 917 554 nostri
949 507 1041 557 hoc
1072 524 1418 559 monumentum
1456 512 1541 565 staq

240 601 425 637 tuerunt
449 608 460 635 :

298 769 378 838 T.
441 768 790 838 LIVIUS
842 769 1477 843 PATAVINUS

237 936 725 983 HISTORICORUM
770 933 982 981 LATINI
1020 935 1283 983 NOMINIS
1319 938 1536 985 FACILE

230 1021 530 1070 'PRINCEPS
602 1023 799 1070 CUJUS.
847 1023 1149 1069 LACTEAM
1203 1027 1534 1086 ELOQUENe-

236 1108 393 1153 TIAM
425 1107 598 1153 AETAS
618 1107 751 1152 ILLA
779 1106 929 1166 QUAE
957 1106 1235 1154 VIRTUTE
1266 1108 1531 1154 PARITER

237 1193 323 1239 AC
359 1191 753 1238 ERUDITIONE
788 1192 1103 1239 FLOREBAT
1132 1193 1309 1240 ADEO
1342 1194 1534 1241 ADMI-

232 1279 400 1325 RATA
432 1277 541 1324 EST
561 1276 650 1323 UT
671 1277 868 1323 MULTI
890 1277 1123 1324 ROMAM
1149 1278 1284 1325 NON
1309 1279 1396 1325 UT
1417 1280 1532 1325 UR-

229 1369 354 1414 REM
391 1367 615 1413 RERUM
652 1367 1148 1413 PULCHERRIMAM
1185 1365 1315 1412 AUT
1358 1366 1530 1413 URBIS

231 1453 313 1498 ET
347 1452 520 1498 ORBIS
567 1452 881 1499 DOMINUM
931 1454 1364 1500 OCTAVIANUM
1410 1452 1528 1498 SED

228 1543 325 1589 UT·
345 1540 526 1587 HUNC
546 1542 751 1586 VIRUM
781 1542 1155 1589 INVISERENT
1174 1541 1527 1589 AUDIRENT-

228 1634 362 1692 QUE
387 1635 425 1678 A
456 1632 727 1679 GADIBUS
759 1631 1062 1678 PROFECTI
1089 1630 1242 1676 SINT.
1279 1629 1385 1675 HIC
1417 1630 1524 1675 RES

227 1721 443 1767 OMNES
494 1722 659 1780 QUAS
705 1719 979 1766 POPULUS
1018 1713 1329 1764 ROMANUS
1366 1715 1523 1761 PACE

228 1803 560 1863 BELLOQUE
599 1802 808 1849 GESSIT
842 1801 1369 1862 QUATUORDECIM
1411 1802 1526 1848 DE-

227 1893 500 1940 CADIBUS
526 1893 683 1938 MIRA
701 1894 852 1939 STILI
873 1892 1232 1938 FELICITATE
1253 1892 1523 1938 COMPLE·

226 1980 346 2024 XUS
389 1977 489 2023 SIBI
520 1977 603 2023 AC
649 1976 891 2023 PATRIAE
940 1977 1231 2023 GLORIAM
1273 1975 1526 2022 PEPERIT

619 2064 1074 2112 SEMPITERNAM.

296 2205 504 2250 Veterem
535 2204 655 2251 Livii
690 2203 1060 2267 inscriptionem,
1098 2207 1145 2250 in
1184 2204 1286 2252 aula
1316 2206 1525 2253 Praetorii

226 2285 416 2348 pofitam
430 2322 444 2342 ,
464 2286 645 2349 aliamqt
661 2301 687 2332 e
700 2287 748 2332 in
768 2285 939 2332 aedibus
955 2286 1303 2349 Capilistem·um
1323 2287 1376 2335 ad
1389 2290 1521 2336 Sanc—

225 2381 321 2414 tum
351 2368 620 2425 Danielem,
653 2368 735 2415 suo
769 2367 879 2415 loco
923 2370 1296 2429 expendendam,
1334 2372 1520 2419 minime.

222 2455 277 2499 nd
303 2453 488 2502 Livium
517 2452 742 2517 pertinere
760 2489 775 2512 ,
804 2453 870 2500 his
899 2453 1051 2505 verbis
1095 2454 1402 2504 demonstrare
1435 2472 1520 2505 co-

1669 339 1675 396 a

1674 1124 1680 1154 t
