1582 2793
293 143 1133 197 HtsToR1ARuxv1Lrssff1
1311 171 1364 218 19

81 248 130 297 vi
153 267 245 298 rem
267 253 520 299 Romanam
555 252 756 299 crevisse.
799 254 892 300 Ubi
927 255 1161 318 spectaculi
1189 271 1366 328 tempus

81 327 228 383 venit,
249 327 500 390 deditaeque
530 344 587 372 eo
606 342 778 374 mentes
807 343 911 374 cum
932 329 1079 375 oculis
1101 346 1251 391 erant,
1272 347 1369 382 tum

80 415 138 445 ex
155 400 411 463 composito
436 412 534 446 orta
556 399 650 447 vis:
682 400 742 446 s10
715 417 900 465 noque
919 401 1053 448 dato
1042 418 1257 464 juventus
1273 409 1369 456 Ro-

81 487 214 518 mana
242 473 298 519 ad
327 473 558 535 rapiendas
588 472 786 537 virgines
818 473 1034 522 discurrit.
1074 478 1235 541 Magna
1269 498 1370 543 pits

82 541 229 601 forte,
258 555 308 590 ut
324 544 371 591 in
396 561 529 608 quem
550 561 741 608 quaeque
764 545 1014 605 inciderat,
1043 560 1208 610 raptae3
1237 569 1313 614 qu
1301 553 1371 599 is-

83 616 185 664 dam
213 618 362 666 forma
396 620 676 679 excellente,
710 621 986 685 primoribus
1022 623 1198 671 Parrum
1235 627 1370 675 desti-

83 705 235 752 natas,
267 711 323 741 ex
351 695 480 757 plebe
505 694 715 741 homines
733 730 747 754 ,
781 695 943 758 quibus
965 697 1116 745 datum
1135 700 1373 763 negotium

83 779 205 826 erat,
242 768 406 815 domos
437 766 716 814 deferebant.
752 770 929 828 Unam,
958 769 1093 834 longe
1128 784 1230 819 ante
1265 774 1373 822 alias

86 837 232 901 specie‘
257 857 308 887 ac
337 839 671 903 pulchritudine
703 839 946 904 insignem,
975 859 997 888 a
1030 843 1171 906 globo
1193 845 1374 894 Talaffii

87 913 316 975 cujusdam
342 928 513 978 raptam
537 913 701 963 ferunt⁴
746 915 986 979 multisque
1019 917 1372 982 sciscitantibus,

84 987 263 1035 cuinam
288 1005 384 1035 eam
414 988 611 1046 ferrent,
637 988 910 1047 identidem,
943 1007 997 1036 ne
1019 991 1118 1053 quis
1146 993 1372 1055 violaret,

83 1062 278 1110 Talaffio
295 1063 400 1112 ferri
422 1063 700 1113 clamitatum
719 1081 729 1113 :
756 1063 859 1110 inde
880 1065 1125 1126 nuptialem
1145 1067 1262 1118 hanc
1283 1086 1371 1118 vo·

86 1154 184 1185 cem
202 1137 374 1186 factam.
403 1139 607 1185 Turbato
626 1155 705 1201 per
724 1150 892 1185 metum
910 1140 1111 1201 ludicro,
1133 1144 1278 1191 moesti
1296 1163 1372 1209 pa-

85 1225 232 1259 rentes
252 1213 480 1277 virginum
506 1211 801 1275 profugiunt,
836 1212 1085 1262 incusantes
1108 1215 1270 1264 violati
1288 1217 1377 1265 ho·-

84 1284 204 1349 spitii
232 1287 407 1345 foedus,
442 1288 684 1349 Deumque
713 1287 982 1333 invocantes
1000 1323 1012 1345 ‚
1047 1288 1177 1350 cujus
1205 1291 1261 1338 ad
1282 1291 1374 1338 sol-

86 1361 234 1408 lemne
253 1361 498 1426 ludosque,
530 1377 611 1424 per
638 1359 703 1407 fas
733 1378 784 1407 ac
817 1360 950 1406 fidem
984 1362 1187 1425 decepti,
1219 1364 1375 1411 venis-

87 1434 195 1482 sent.
235 1437 333 1483 Nec
362 1436 499 1500 raptis
532 1446 609 1481 aut
636 1434 731 1498 spes
763 1435 816 1480 de
837 1434 878 1481 se
904 1435 1096 1496 melior,
1123 1449 1199 1483 aut
1227 1438 1376 1504 indig-

88 1509 214 1556 natio
246 1508 308 1556 est
328 1509 508 1555 minor:
538 1508 610 1555 sed
639 1508 731 1570 ipse
750 1508 976 1555 Romulus
1007 1509 1256 1570 circuibat,
1288 1513 1376 1559 do-

89 1581 337 1644 cebatque:
362 1582 541 1627 Patrum
562 1580 990 1641 idsuperbiafizflum
1000 1617 1017 1638 ,
1039 1586 1109 1642 qui
1126 1587 1380 1631 connubium

77 1658 284 1716 finitimis
312 1654 550 1719 negafflnt;
571 1658 671 1701 illas
687 1671 824 1701 tamen
845 1659 891 1702 in
910 1659 1179 1703 matrimonio
1195 1693 1209 1715 ,
1242 1662 1288 1705 in
1303 1661 1381 1720 fi)-

88 1733 228 1775 cietate
235 1729 509 1788 fortunarum
541 1730 730 1773 omnium
754 1727 1039 1788 civitatisque,
1066 1726 1108 1773 δ’
1121 1763 1136 1784 ,
1170 1748 1248 1790 quo
1269 1735 1384 1777 nihil

87 1805 226 1849 carius
248 1803 431 1847 humano
459 1804 594 1863 generi
604 1800 697 1864 sit,
726 1800 897 1846 liberam
915 1799 1023 1858 sore.
1054 1804 1274 1849 Mollirmt
1292 1824 1381 1851 mo-

89 1880 145 1924 do
162 1880 282 1924 iras:
310 1875 380 1935 6³,
398 1878 546 1937 quibus
558 1874 657 1933 fors
685 1893 856 1935 corpora
885 1872 1079 1938 dediſjsst,
1109 1878 1254 1923 darent
1279 1883 1382 1924 arzi-

91 1968 198 1997 mos.
229 1954 343 2011 Saepe
369 1969 422 1996 ex
452 1949 613 2006 injuria
636 1950 895 2015 postmodum
917 1949 1097 2008 gratiam
1125 1966 1288 1997 ortam:
1315 1971 1384 2000 eo-

93 2043 167 2087 que
183 2025 420 2070 melioribus
437 2024 585 2084 uficras
602 2025 707 2068 viris
718 2057 731 2080 ,
748 2024 862 2083 quod
878 2021 1102 2080 adnisicrus
1116 2042 1198 2082 pro
1204 2025 1254 2084 fi
1271 2028 1386 2088 quzf·

92 2119 166 2161 que
175 2098 255 2163 fit,
276 2116 322 2144 ut
334 2133 349 2157 ,
369 2116 461 2144 cum
479 2098 610 2158 suam
627 2099 756 2142 vicem
776 2096 955 2155 fictzc‘i‘us
979 2096 1190 2162 officiosis
1203 2133 1217 2154 ‚
1231 2119 1385 2161 paren·

92 2187 181 2217 tum
212 2173 336 2217 etiam
361 2174 588 2232 patriaeque
620 2173 787 2230 expleat
806 2169 1061 2233 desiderium.
1098 2169 1388 2222 Accedebant

98 2242 328 2289 blanditiae
346 2242 586 2301 virorum,
626 2241 791 2288 factum
822 2239 1108 2303 purgantium
1142 2243 1388 2305 cupiditate

97 2326 235 2378 atque
271 2331 450 2362 amore:
479 2331 580 2378 quae
600 2312 797 2361 maxime
827 2313 882 2359 ad
910 2310 1128 2359 muliebre
1153 2314 1388 2379 ingenium

86 2387 300 2436 >efficaces
326 2404 480 2451 preces
503 2387 618 2435 sunt.

161 2460 225 2510 X.
267 2460 366 2510 {lam
398 2460 648 2508 admodum
686 2458 880 2526 mitigati
910 2458 1049 2507 animi
1079 2457 1215 2520 raptis
1251 2430 1392 2509 erant.

1034 2534 1069 2578 B
1107 2549 1133 2578 2
