1582 2793
1285 229 1371 278 ¹77

185 390 386 447 TITI
454 391 699 447 LIVII
769 392 1257 453 PATAVINI

85 555 1373 697 HISTORIARUM

313 748 405 794 AB
468 749 681 794 URBE
748 748 1146 814 COND1TA

434 902 778 957 LIBER
864 903 1020 957 III.

85 1056 1368 1077 Q———m——Q

460 1179 990 1237 EPITOME

317 1325 623 1369 LIBRI
714 1328 1096 1370 TERTIJ.

84 1444 300 1490 seditiones
330 1449 378 1486 de
404 1447 556 1500 agrariis
591 1446 739 1499 legibus
772 1448 893 1488 fastae.
933 1449 1192 1499 Capitolium,
1221 1451 1268 1492 ab
1299 1463 1368 1495 ex:

136 1509 278 1548 sufibus
297 1510 331 1549 Sc
349 1507 461 1548 servis
489 1518 723 1558 occupatum
739 1538 749 1555 ,
771 1508 870 1547 caefis
891 1509 936 1548 iis
956 1522 1152 1561 receptum
1176 1512 1239 1554 est.
1267 1514 1366 1553 Cen.

136 1571 196 1610 sus
221 1571 276 1610 bis
299 1573 403 1610 actus
426 1571 489 1610 est.
531 1571 655 1621 priore
683 1569 796 1609 lustro
825 1569 933 1610 censa
959 1570 1044 1610 sunt
1071 1573 1210 1613 civium
1239 1577 1365 1626 capita

135 1643 292 1672 centum
308 1642 470 1683 quatuor
494 1630 611 1670 millia
633 1633 668 1671 6:
689 1631 855 1670 ducenta
878 1633 1194 1683 quatuordecim,
1230 1646 1365 1686 praeter

137 1697 250 1737 orbos
267 1695 461 1746 orbusque.
486 1694 678 1745 sequenti,
693 1705 849 1732 centum
868 1694 1143 1745 septemdecim
1160 1697 1280 1738 millia
1295 1701 1366 1738 du.

138 1768 249 1799 centa
274 1758 555 1798 novemdecim.
580 1758 677 1796 Cum
697 1756 873 1796 adversus
892 1758 1035 1809 AEquos
1059 1771 1116 1798 res
1142 1760 1243 1800 male
1265 1762 1366 1812 gesta

138 1821 231 1861 esset
245 1853 255 1870 ,
275 1823 314 1862 L.
332 1823 534 1874 Quinc'kius
559 1822 807 1862 Cincinnatus
831 1823 993 1863 dic'tator
1013 1823 1134 1864 faCtus
1147 1857 1159 1872 ‚
1175 1837 1264 1864 cum
1282 1838 1367 1866 rure

139 1885 309 1923 intentus
339 1884 475 1923 rustico
499 1885 605 1934 operi
631 1884 745 1931 esset,
768 1885 816 1924 ad
838 1886 878 1924 id
905 1886 1047 1926 bellum
1074 1889 1285 1938 gerendum
1310 1902 1369 1928 ar-

137 1947 288 1986 cessitus
316 1948 379 1987 cst.
412 1948 446 1987 Is
471 1949 590 1987 victos
615 1948 740 1988 hostes
766 1947 834 1988 sub
859 1951 995 2000 jugum
1021 1950 1132 1989 milit.
1167 1951 1368 1992 Tribuno-

137 2024 222 2049 rum
244 2009 366 2061 plebis
395 2023 574 2049 numerus
597 2011 800 2061 ampliatus
818 2012 893 2057 est,
912 2021 954 2051 ut
978 2012 1094 2052 essent
1115 2014 1279 2063 decem,
1294 2017 1368 2055 tri-

138 2073 278 2126 gesimo
302 2072 406 2112 sexto
434 2086 534 2112 anno
564 2088 584 2113 a
617 2075 747 2124 primis
781 2074 942 2114 tribunis
968 2075 1101 2126 plebis.
1141 2078 1270 2118 Petitis
1298 2092 1366 2130 per

136 2137 301 2187 legatos,
329 2137 363 2176 &
391 2135 511 2175 allatis
546 2137 677 2175 Atticis
713 2136 885 2187 legibus⁷
912 2139 962 2186 zm
988 2139 1270 2181 constituendas
1303 2157 1366 2184 eac

135 2198 479 2251 proponendasque
505 2199 709 2238 decemviri
734 2213 802 2250 pro
827 2199 1048 2241 consulibus
1071 2200 1147 2239 fine
1172 2201 1256 2242 ullis
1282 2204 1365 2243 aliis

137 2261 413 2313 magistratibus
439 2263 580 2310 creati,
611 2261 729 2300 altero
756 2264 791 2302 5.-
814 2262 1077 2301 trecentefimo
1102 2276 1229 2312 anno,
1250 2278 1366 2315 quam

136 2322 262 2363 Roma
288 2323 442 2362 condita
465 2332 570 2362 erat:
607 2324 662 2371 ἃ,
690 2333 730 2362 ut
755 2336 776 2363 a
802 2324 951 2375 regibus
975 2325 1023 2363 ad
1045 2324 1217 2364 consules
1234 2358 1244 2374 ‚
1269 2327 1319 2365 ita
1345 2341 1366 2366 a

137 2383 356 2424 consulibus
381 2385 428 2423 acl
455 2385 692 2425 decemviros
717 2386 941 2425 translatum
965 2387 1181 2437 imperium.
1211 2389 1284 2436 Hi,
1302 2391 1367 2428 de-

139 2459 224 2485 cem
260 2447 398 2486 tabulis
429 2447 557 2500 legum
582 2449 735 2499 politis,
762 2461 852 2488 cum
879 2450 1049 2489 modeste
1080 2449 1118 2489 se
1145 2451 1182 2488 in
1212 2463 1258 2489 eo
1291 2451 1368 2490 ho-

138 2520 232 2547 nore
261 2508 471 2557 geffiss'ent,
490 2514 524 2550 S<
547 2511 597 2550 ob
618 2511 659 2551 id
682 2511 722 2550 in
741 2510 902 2551 alterum
927 2525 1080 2562 quoquc
1101 2525 1244 2552 annum
1269 2526 1369 2561 eune·

150 2574 202 2620 T.
223 2576 320 2621 Liv.
351 2578 392 2621 V
394 2579 448 2622 ol.
469 2577 506 2623 l.
1049 2576 1097 2620 M
