1582 2793
297 210 897 261 HxsTotziARUM
949 214 1081 262 [ΑΒ.
1126 215 1189 261 11.
1303 214 1384 278 163

102 320 277 369 nalibus
307 322 534 370 consulem
555 321 763 368 invenio.
796 323 896 368 Hoc
924 340 1045 368 anno
1068 322 1392 386 (quoscunque

100 396 308 443 consules
341 392 533 458 habuit)
570 396 633 441 rei
664 396 716 441 ad
745 396 970 459 populum
1004 397 1158 444 Furius
1184 400 1233 445 ὃ(
1264 400 1391 443 Man·

102 468 190 515 lius
211 470 499 516 circumeunt
519 467 734 514 sordidati
760 484 854 514 non
874 468 1050 530 plebem
1076 469 1237 531 magis,
1257 484 1391 530 quam

101 539 306 602 juniores
335 542 530 587 Patruin.
571 538 781 597 suadent,
814 552 1033 596 monent,
1068 542 1311 585 Honoribus
1350 539 1393 586 δ’

104 615 466 680 administratione
495 613 723 672 reipublicae
754 613 989 678 abstineant
1001 630 1021 666 ‚·
1047 613 1279 671 consulares
1301 631 1395 658 vero

93 687 237 748 fasces
258 723 271 745 ‚
304 704 548 748 praeteream
570 722 582 740 ‚
620 690 871 746 curulemque
894 685 1075 745 sellam,
1107 686 1218 729 nihil
1244 688 1396 742 aliud,

103 779 226 823 quam
252 780 451 822 pompam
471 761 671 819 funeris,
702 776 859 820 putent.
900 761 1026 804 claris
1059 758 1292 823 insignibus
1323 778 1395 803 ve·-

104 841 166 882 lut
197 836 350 894 infulis
373 840 529 882 velatos
557 838 618 880 ad
639 851 806 887 mortem
827 836 1035 902 destinari.
1072 833 1267 898 Quodsi
1293 852 1397 879 con-

91 910 265 972 ficlatus
283 927 403 955 tanta
432 912 604 956 dulcedo
618 909 707 973 sit,
719 908 820 966 jam
842 925 953 953 nunc
970 911 1030 952 ita
1052 910 1097 952 in
1117 910 1306 952 animum
1325 909 1396 951 in*-

105 987 290 1040 ducant,
324 984 584 1044 consulatum
612 999 776 1044 captum
799 979 842 1027 G*
873 978 1094 1044 oppreſjum
1124 981 1176 1024 ab
1211 981 1394 1026 tribuni-

103 1060 170 1102 cia
190 1057 385 1124 potestate
405 1053 475 1119 effi
494 1073 514 1111 ,⁴
542 1055 704 1116 confidi
715 1090 731 1111 ‚
762 1058 875 1101 velut
896 1055 1128 1114 apparitori
1146 1055 1396 1110 tribunicio,

105 1133 251 1177 omnia
274 1133 334 1175 ad
359 1142 504 1176 nutum
525 1132 820 1190 imperiumque
841 1129 1000 1173 tribuni
1029 1130 1192 1189 agenda
1221 1123 1305 1191 effi.
1341 1129 1398 1172 Si

93 1205 145 1265 fi
183 1207 473 1260 commoverit,
491 1203 542 1267 si
567 1204 784 1264 respexerit
814 1206 991 1258 Patres,
1011 1200 1062 1266 si
1086 1204 1209 1246 aliud
1226 1236 1239 1259 ,
1270 1219 1396 1262 quam

99 1280 259 1340 plebem
276 1313 290 1334 ‚
319 1275 389 1342 effi
420 1280 466 1323 in
490 1279 695 1338 republica
715 1278 928 1322 crediderit
937 1294 956 1330 ;
988 1275 1178 1338 exfilium
1206 1277 1252 1321 C.
1272 1278 1396 1321 Mar-

105 1355 195 1408 cii,
228 1354 418 1398 Menenii
444 1354 755 1397 damnationem
784 1348 827 1395 δ’
856 1365 1022 1395 mortem
1039 1383 1051 1403 ,
1070 1349 1161 1414 fibi
1182 1359 1402 1410 proponat

107 1441 203 1470 ante
227 1428 380 1470 oculos.
412 1423 491 1471 His
517 1423 687 1471 accensi
708 1422 902 1471 vocibus
920 1423 1069 1468 Patres
1084 1458 1097 1478 ‚
1120 1422 1304 1469 consilia
1323 1421 1396 1467 in·-

107 1499 162 1545 de
181 1536 195 1558 ‚
224 1515 319 1544 non
347 1498 527 1560 publica
541 1535 554 1557 ‚
575 1498 649 1545 sed
669 1499 715 1545 in
741 1499 919 1561 privato
936 1532 949 1554 ‚
971 1495 1230 1560 seductaque
1251 1514 1275 1543 a
1295 1496 1395 1560 plu-

105 1571 220 1617 rium
243 1570 543 1630 conscientia,
577 1572 750 1618 habere.
794 1572 872 1620 ubi
903 1588 1006 1618 cum
1032 1570 1078 1618 id
1108 1572 1250 1619 modo
1276 1588 1394 1618 con-

105 1645 238 1691 staret
254 1678 266 1702 ‚
289 1643 382 1703 jure
400 1661 455 1690 an
481 1643 641 1707 injuria
665 1643 921 1707 eripiendos
949 1644 1033 1690 effe
1050 1660 1179 1703 reos,
1205 1643 1394 1691 atrocis-

103 1719 209 1766 sima
229 1735 420 1782 quaeque
441 1719 636 1765 maxime
667 1719 871 1781 placebat
897 1718 1128 1767 sententia.
1174 1736 1257 1766 nec
1283 1737 1392 1767 auc-

104 1803 180 1838 tor
212 1792 419 1856 quamvis
452 1792 607 1839 audaci
638 1790 830 1838 facinori
861 1792 1025 1838 deerat.
1066 1792 1205 1856 Igitur
1235 1792 1393 1855 judicii

105 1865 206 1924 die,
235 1882 339 1912 cum
367 1865 491 1928 plebs
520 1866 566 1911 in
595 1865 699 1912 foro
721 1866 861 1912 ere6la
881 1865 1208 1928 exspefiatione
1236 1866 1393 1925 staret,

105 1938 256 1984 mirari
277 1937 450 2000 ptimo,
464 1938 592 2001 quod
607 1954 701 1984 non
718 1938 1002 1985 descenderet
1018 1938 1247 1985 tribunus:
1268 1938 1395 1984 dein-

107 2011 188 2067 de,
220 2027 321 2056 cum
349 2009 435 2071 jam
465 2028 593 2057 mora
622 2010 862 2075 suspeffior
891 2009 1045 2070 fieret,
1075 2012 1336 2059 deterritum
1366 2030 1391 2062 a

105 2081 380 2145 primoribus
407 2083 586 2129 credere
603 2119 616 2141 ,
639 2085 689 2130 &
716 2082 931 2129 desertam
960 2099 1011 2129 ac
1036 2082 1260 2146 proditam
1285 2101 1392 2131 cau-

105 2158 194 2203 sam
221 2156 445 2220 publicam
464 2158 605 2220 queri.
641 2159 874 2216 Tandem,
903 2157 982 2222 qui
1003 2158 1229 2205 obversati
1252 2160 1390 2206 vesti-

106 2229 216 2276 bulo
236 2229 404 2275 tribuni
424 2229 626 2288 fuerant,
656 2230 866 2277 nuntiant
883 2264 896 2287 ,
925 2229 1051 2275 dorni
1070 2244 1299 2277 mortuum
1323 2230 1391 2277 es-

106 2301 148 2347 se
183 2300 433 2348 inventum.
474 2303 600 2366 quod
630 2303 707 2349 ubi
740 2303 786 2348 in
814 2314 958 2349 totam
988 2302 1261 2349 concionem
1284 2316 1391 2365 per-

106 2373 212 2419 tulit
243 2390 426 2429 rumor;
460 2374 572 2421 ficut
594 2375 709 2422 acies
739 2375 941 2422 funditur
966 2376 1081 2421 duce
1111 2375 1294 2432 occiso,
1329 2375 1392 2421 ita

108 2445 262 2509 dilapfi
295 2447 447 2510 passim
476 2448 551 2494 alii
577 2449 684 2496 alio.
719 2449 972 2511 Praecipuus
1003 2464 1152 2510 pavor
1182 2447 1390 2494 tribunos

109 2519 358 2580 iiivalerat,
383 2538 519 2585 quam
553 2522 668 2569 nihil
701 2522 862 2570 auxilii
896 2521 1075 2568 sacratae
1103 2521 1220 2584 leges
1251 2521 1392 2576 habes

994 2597 1029 2642 L
1067 2612 1092 2641 2
